{
  "type": "level",
  "time": "2017-09-27T07:01:06.569Z",
  "price": "289.22000000",
  "size": "0.57469545",
  "count": 1,
  "sequence": 2,
  "productId": "ETH-USD",
  "side": "buy"
}
{
  "type": "level",
  "time": "2017-09-27T07:01:06.570Z",
  "price": "291.66000000",
  "size": "0",
  "count": 1,
  "sequence": 3,
  "productId": "ETH-USD",
  "side": "sell"
}
{
  "type": "level",
  "time": "2017-09-27T07:01:06.570Z",
  "price": "291.71000000",
  "size": "0.05",
  "count": 1,
  "sequence": 4,
  "productId": "ETH-USD",
  "side": "sell"
}
{
  "type": "level",
  "time": "2017-09-27T07:01:06.570Z",
  "price": "291.69000000",
  "size": "0",
  "count": 1,
  "sequence": 5,
  "productId": "ETH-USD",
  "side": "sell"
}
{
  "type": "level",
  "time": "2017-09-27T07:01:06.570Z",
  "price": "291.70000000",
  "size": "0.5",
  "count": 1,
  "sequence": 6,
  "productId": "ETH-USD",
  "side": "sell"
}
{
  "type": "level",
  "time": "2017-09-27T07:01:06.570Z",
  "price": "291.73000000",
  "size": "0",
  "count": 1,
  "sequence": 7,
  "productId": "ETH-USD",
  "side": "sell"
}
{
  "type": "level",
  "time": "2017-09-27T07:01:06.570Z",
  "price": "291.75000000",
  "size": "0.01",
  "count": 1,
  "sequence": 8,
  "productId": "ETH-USD",
  "side": "sell"
}
{
  "type": "level",
  "time": "2017-09-27T07:01:06.570Z",
  "price": "291.79000000",
  "size": "0.10328727",
  "count": 1,
  "sequence": 9,
  "productId": "ETH-USD",
  "side": "sell"
}
{
  "type": "level",
  "time": "2017-09-27T07:01:06.570Z",
  "price": "291.77000000",
  "size": "1.5",
  "count": 1,
  "sequence": 10,
  "productId": "ETH-USD",
  "side": "sell"
}
{
  "type": "level",
  "time": "2017-09-27T07:01:06.570Z",
  "price": "291.78000000",
  "size": "6.7",
  "count": 1,
  "sequence": 11,
  "productId": "ETH-USD",
  "side": "sell"
}
{
  "type": "level",
  "time": "2017-09-27T07:01:06.570Z",
  "price": "292.10000000",
  "size": "0.21",
  "count": 1,
  "sequence": 12,
  "productId": "ETH-USD",
  "side": "sell"
}
{
  "type": "level",
  "time": "2017-09-27T07:01:06.570Z",
  "price": "289.38000000",
  "size": "47.42",
  "count": 1,
  "sequence": 13,
  "productId": "ETH-USD",
  "side": "buy"
}
{
  "type": "level",
  "time": "2017-09-27T07:01:06.571Z",
  "price": "288.13000000",
  "size": "0",
  "count": 1,
  "sequence": 14,
  "productId": "ETH-USD",
  "side": "buy"
}
{
  "type": "level",
  "time": "2017-09-27T07:01:06.571Z",
  "price": "291.82000000",
  "size": "0.05174474",
  "count": 1,
  "sequence": 15,
  "productId": "ETH-USD",
  "side": "sell"
}
{
  "type": "level",
  "time": "2017-09-27T07:01:06.571Z",
  "price": "293.58000000",
  "size": "0",
  "count": 1,
  "sequence": 16,
  "productId": "ETH-USD",
  "side": "sell"
}
{
  "type": "level",
  "time": "2017-09-27T07:01:06.571Z",
  "price": "292.14000000",
  "size": "0.06",
  "count": 1,
  "sequence": 17,
  "productId": "ETH-USD",
  "side": "sell"
}
{
  "type": "level",
  "time": "2017-09-27T07:01:06.571Z",
  "price": "292.13000000",
  "size": "5.614035",
  "count": 1,
  "sequence": 18,
  "productId": "ETH-USD",
  "side": "sell"
}
{
  "type": "level",
  "time": "2017-09-27T07:01:06.571Z",
  "price": "289.49000000",
  "size": "0",
  "count": 1,
  "sequence": 19,
  "productId": "ETH-USD",
  "side": "buy"
}
{
  "type": "level",
  "time": "2017-09-27T07:01:06.572Z",
  "price": "289.46000000",
  "size": "0.9595651",
  "count": 1,
  "sequence": 20,
  "productId": "ETH-USD",
  "side": "buy"
}
{
  "type": "level",
  "time": "2017-09-27T07:01:06.572Z",
  "price": "289.47000000",
  "size": "0",
  "count": 1,
  "sequence": 21,
  "productId": "ETH-USD",
  "side": "buy"
}
{
  "type": "level",
  "time": "2017-09-27T07:01:06.572Z",
  "price": "289.37000000",
  "size": "0",
  "count": 1,
  "sequence": 22,
  "productId": "ETH-USD",
  "side": "buy"
}
{
  "type": "level",
  "time": "2017-09-27T07:01:06.572Z",
  "price": "289.45000000",
  "size": "58.21",
  "count": 1,
  "sequence": 23,
  "productId": "ETH-USD",
  "side": "buy"
}
{
  "type": "level",
  "time": "2017-09-27T07:01:06.572Z",
  "price": "289.44000000",
  "size": "50.56",
  "count": 1,
  "sequence": 24,
  "productId": "ETH-USD",
  "side": "buy"
}
{
  "type": "level",
  "time": "2017-09-27T07:01:06.572Z",
  "price": "289.48000000",
  "size": "46.6",
  "count": 1,
  "sequence": 25,
  "productId": "ETH-USD",
  "side": "buy"
}
{
  "type": "level",
  "time": "2017-09-27T07:01:06.572Z",
  "price": "292.25000000",
  "size": "58.43676585",
  "count": 1,
  "sequence": 26,
  "productId": "ETH-USD",
  "side": "sell"
}
{
  "type": "level",
  "time": "2017-09-27T07:01:06.572Z",
  "price": "292.24000000",
  "size": "57.25008137",
  "count": 1,
  "sequence": 27,
  "productId": "ETH-USD",
  "side": "sell"
}
{
  "type": "level",
  "time": "2017-09-27T07:01:06.572Z",
  "price": "292.23000000",
  "size": "50.62",
  "count": 1,
  "sequence": 28,
  "productId": "ETH-USD",
  "side": "sell"
}
{
  "type": "level",
  "time": "2017-09-27T07:01:06.573Z",
  "price": "293.03000000",
  "size": "0",
  "count": 1,
  "sequence": 29,
  "productId": "ETH-USD",
  "side": "sell"
}
{
  "type": "level",
  "time": "2017-09-27T07:01:06.573Z",
  "price": "289.48000000",
  "size": "0.07",
  "count": 1,
  "sequence": 30,
  "productId": "ETH-USD",
  "side": "buy"
}
{
  "type": "level",
  "time": "2017-09-27T07:01:06.573Z",
  "price": "289.45000000",
  "size": "7",
  "count": 1,
  "sequence": 31,
  "productId": "ETH-USD",
  "side": "buy"
}
{
  "type": "level",
  "time": "2017-09-27T07:01:06.573Z",
  "price": "289.44000000",
  "size": "0.01",
  "count": 1,
  "sequence": 32,
  "productId": "ETH-USD",
  "side": "buy"
}
{
  "type": "level",
  "time": "2017-09-27T07:01:06.573Z",
  "price": "289.38000000",
  "size": "0",
  "count": 1,
  "sequence": 33,
  "productId": "ETH-USD",
  "side": "buy"
}
{
  "type": "level",
  "time": "2017-09-27T07:01:06.573Z",
  "price": "289.52000000",
  "size": "52.97527527",
  "count": 1,
  "sequence": 34,
  "productId": "ETH-USD",
  "side": "buy"
}
{
  "type": "level",
  "time": "2017-09-27T07:01:06.573Z",
  "price": "289.53000000",
  "size": "50.97588283",
  "count": 1,
  "sequence": 35,
  "productId": "ETH-USD",
  "side": "buy"
}
{
  "type": "level",
  "time": "2017-09-27T07:01:06.573Z",
  "price": "289.54000000",
  "size": "53.81",
  "count": 1,
  "sequence": 36,
  "productId": "ETH-USD",
  "side": "buy"
}
{
  "type": "level",
  "time": "2017-09-27T07:01:06.573Z",
  "price": "289.54000000",
  "size": "107.21",
  "count": 1,
  "sequence": 37,
  "productId": "ETH-USD",
  "side": "buy"
}
{
  "type": "level",
  "time": "2017-09-27T07:01:06.574Z",
  "price": "292.22000000",
  "size": "52.09",
  "count": 1,
  "sequence": 38,
  "productId": "ETH-USD",
  "side": "sell"
}
{
  "type": "level",
  "time": "2017-09-27T07:01:06.574Z",
  "price": "292.19000000",
  "size": "59.30340438",
  "count": 1,
  "sequence": 39,
  "productId": "ETH-USD",
  "side": "sell"
}
{
  "type": "level",
  "time": "2017-09-27T07:01:06.574Z",
  "price": "292.14000000",
  "size": "53.03",
  "count": 1,
  "sequence": 40,
  "productId": "ETH-USD",
  "side": "sell"
}
{
  "type": "level",
  "time": "2017-09-27T07:01:06.574Z",
  "price": "292.18000000",
  "size": "47.78",
  "count": 1,
  "sequence": 41,
  "productId": "ETH-USD",
  "side": "sell"
}
{
  "type": "level",
  "time": "2017-09-27T07:01:06.610Z",
  "price": "293.19000000",
  "size": "5.11435363",
  "count": 1,
  "sequence": 42,
  "productId": "ETH-USD",
  "side": "sell"
}
{
  "type": "level",
  "time": "2017-09-27T07:01:06.627Z",
  "price": "289.55000000",
  "size": "640.626853",
  "count": 1,
  "sequence": 43,
  "productId": "ETH-USD",
  "side": "buy"
}
{
  "type": "level",
  "time": "2017-09-27T07:01:06.662Z",
  "price": "289.51000000",
  "size": "0",
  "count": 1,
  "sequence": 44,
  "productId": "ETH-USD",
  "side": "buy"
}
{
  "type": "level",
  "time": "2017-09-27T07:01:07.156Z",
  "price": "287.94000000",
  "size": "20",
  "count": 1,
  "sequence": 45,
  "productId": "ETH-USD",
  "side": "buy"
}
{
  "type": "level",
  "time": "2017-09-27T07:01:07.166Z",
  "price": "291.95000000",
  "size": "23.09088654",
  "count": 1,
  "sequence": 46,
  "productId": "ETH-USD",
  "side": "sell"
}
{
  "type": "level",
  "time": "2017-09-27T07:01:07.166Z",
  "price": "290.13000000",
  "size": "204.01616905",
  "count": 1,
  "sequence": 47,
  "productId": "ETH-USD",
  "side": "sell"
}
{
  "type": "level",
  "time": "2017-09-27T07:01:07.419Z",
  "price": "293.93000000",
  "size": "90.54595",
  "count": 1,
  "sequence": 48,
  "productId": "ETH-USD",
  "side": "sell"
}
{
  "type": "level",
  "time": "2017-09-27T07:01:07.533Z",
  "price": "289.54000000",
  "size": "53.4",
  "count": 1,
  "sequence": 49,
  "productId": "ETH-USD",
  "side": "buy"
}
{
  "type": "level",
  "time": "2017-09-27T07:01:07.533Z",
  "price": "289.54000000",
  "size": "0",
  "count": 1,
  "sequence": 50,
  "productId": "ETH-USD",
  "side": "buy"
}
{
  "type": "level",
  "time": "2017-09-27T07:01:07.535Z",
  "price": "289.52000000",
  "size": "0.07527527",
  "count": 1,
  "sequence": 51,
  "productId": "ETH-USD",
  "side": "buy"
}
{
  "type": "level",
  "time": "2017-09-27T07:01:07.565Z",
  "price": "289.53000000",
  "size": "0.07588283",
  "count": 1,
  "sequence": 52,
  "productId": "ETH-USD",
  "side": "buy"
}
{
  "type": "level",
  "time": "2017-09-27T07:01:07.565Z",
  "price": "292.18000000",
  "size": "0",
  "count": 1,
  "sequence": 53,
  "productId": "ETH-USD",
  "side": "sell"
}
{
  "type": "level",
  "time": "2017-09-27T07:01:07.586Z",
  "price": "289.59000000",
  "size": "45.46",
  "count": 1,
  "sequence": 54,
  "productId": "ETH-USD",
  "side": "buy"
}
{
  "type": "level",
  "time": "2017-09-27T07:01:07.592Z",
  "price": "289.56000000",
  "size": "53.95",
  "count": 1,
  "sequence": 55,
  "productId": "ETH-USD",
  "side": "buy"
}
{
  "type": "level",
  "time": "2017-09-27T07:01:07.592Z",
  "price": "292.08000000",
  "size": "54.46",
  "count": 1,
  "sequence": 56,
  "productId": "ETH-USD",
  "side": "sell"
}
{
  "type": "level",
  "time": "2017-09-27T07:01:07.599Z",
  "price": "292.11000000",
  "size": "52.093",
  "count": 1,
  "sequence": 57,
  "productId": "ETH-USD",
  "side": "sell"
}
{
  "type": "level",
  "time": "2017-09-27T07:01:07.620Z",
  "price": "289.59000000",
  "size": "102.12",
  "count": 1,
  "sequence": 58,
  "productId": "ETH-USD",
  "side": "buy"
}
{
  "type": "level",
  "time": "2017-09-27T07:01:07.620Z",
  "price": "292.09000000",
  "size": "48.70340438",
  "count": 1,
  "sequence": 59,
  "productId": "ETH-USD",
  "side": "sell"
}
{
  "type": "level",
  "time": "2017-09-27T07:01:07.620Z",
  "price": "292.03000000",
  "size": "57.59274324",
  "count": 1,
  "sequence": 60,
  "productId": "ETH-USD",
  "side": "sell"
}
{
  "type": "level",
  "time": "2017-09-27T07:01:07.627Z",
  "price": "289.36000000",
  "size": "640.629338",
  "count": 1,
  "sequence": 61,
  "productId": "ETH-USD",
  "side": "buy"
}
{
  "type": "level",
  "time": "2017-09-27T07:01:07.656Z",
  "price": "289.55000000",
  "size": "0",
  "count": 1,
  "sequence": 62,
  "productId": "ETH-USD",
  "side": "buy"
}
{
  "type": "level",
  "time": "2017-09-27T07:01:08.177Z",
  "price": "290.41000000",
  "size": "0",
  "count": 1,
  "sequence": 63,
  "productId": "ETH-USD",
  "side": "sell"
}
{
  "type": "level",
  "time": "2017-09-27T07:01:08.450Z",
  "price": "291.95000000",
  "size": "3.09088654",
  "count": 1,
  "sequence": 64,
  "productId": "ETH-USD",
  "side": "sell"
}
{
  "type": "level",
  "time": "2017-09-27T07:01:08.486Z",
  "price": "287.94000000",
  "size": "0",
  "count": 1,
  "sequence": 65,
  "productId": "ETH-USD",
  "side": "buy"
}
{
  "type": "level",
  "time": "2017-09-27T07:01:08.609Z",
  "price": "292.14000000",
  "size": "0.06",
  "count": 1,
  "sequence": 66,
  "productId": "ETH-USD",
  "side": "sell"
}
{
  "type": "level",
  "time": "2017-09-27T07:01:08.615Z",
  "price": "292.19000000",
  "size": "10.10340438",
  "count": 1,
  "sequence": 67,
  "productId": "ETH-USD",
  "side": "sell"
}
{
  "type": "level",
  "time": "2017-09-27T07:01:08.620Z",
  "price": "292.23000000",
  "size": "0.05",
  "count": 1,
  "sequence": 68,
  "productId": "ETH-USD",
  "side": "sell"
}
{
  "type": "level",
  "time": "2017-09-27T07:01:08.626Z",
  "price": "292.24000000",
  "size": "7.28008137",
  "count": 1,
  "sequence": 69,
  "productId": "ETH-USD",
  "side": "sell"
}
{
  "type": "level",
  "time": "2017-09-27T07:01:08.626Z",
  "price": "292.22000000",
  "size": "0",
  "count": 1,
  "sequence": 70,
  "productId": "ETH-USD",
  "side": "sell"
}
{
  "type": "level",
  "time": "2017-09-27T07:01:08.628Z",
  "price": "292.25000000",
  "size": "2.50676585",
  "count": 1,
  "sequence": 71,
  "productId": "ETH-USD",
  "side": "sell"
}
{
  "type": "level",
  "time": "2017-09-27T07:01:08.647Z",
  "price": "292.10000000",
  "size": "45.69",
  "count": 1,
  "sequence": 72,
  "productId": "ETH-USD",
  "side": "sell"
}
{
  "type": "level",
  "time": "2017-09-27T07:01:08.648Z",
  "price": "291.99000000",
  "size": "56.08388727",
  "count": 1,
  "sequence": 73,
  "productId": "ETH-USD",
  "side": "sell"
}
{
  "type": "level",
  "time": "2017-09-27T07:01:08.658Z",
  "price": "292.06000000",
  "size": "46.73",
  "count": 1,
  "sequence": 74,
  "productId": "ETH-USD",
  "side": "sell"
}
{
  "type": "level",
  "time": "2017-09-27T07:01:08.658Z",
  "price": "291.98000000",
  "size": "52.52",
  "count": 1,
  "sequence": 75,
  "productId": "ETH-USD",
  "side": "sell"
}
{
  "type": "level",
  "time": "2017-09-27T07:01:08.684Z",
  "price": "292.00000000",
  "size": "88.65943796",
  "count": 1,
  "sequence": 76,
  "productId": "ETH-USD",
  "side": "sell"
}
{
  "type": "level",
  "time": "2017-09-27T07:01:08.684Z",
  "price": "291.96000000",
  "size": "77.549",
  "count": 1,
  "sequence": 77,
  "productId": "ETH-USD",
  "side": "sell"
}
{
  "type": "level",
  "time": "2017-09-27T07:01:08.684Z",
  "price": "290.46000000",
  "size": "13.90640545",
  "count": 1,
  "sequence": 78,
  "productId": "ETH-USD",
  "side": "sell"
}
{
  "type": "level",
  "time": "2017-09-27T07:01:08.951Z",
  "price": "290.46000000",
  "size": "0",
  "count": 1,
  "sequence": 79,
  "productId": "ETH-USD",
  "side": "sell"
}
{
  "type": "level",
  "time": "2017-09-27T07:01:09.312Z",
  "price": "290.41000000",
  "size": "13.90640545",
  "count": 1,
  "sequence": 80,
  "productId": "ETH-USD",
  "side": "sell"
}
{
  "type": "level",
  "time": "2017-09-27T07:01:09.665Z",
  "price": "292.02000000",
  "size": "43.61",
  "count": 1,
  "sequence": 81,
  "productId": "ETH-USD",
  "side": "sell"
}
{
  "type": "level",
  "time": "2017-09-27T07:01:09.667Z",
  "price": "291.96000000",
  "size": "117.549",
  "count": 1,
  "sequence": 82,
  "productId": "ETH-USD",
  "side": "sell"
}
{
  "type": "level",
  "time": "2017-09-27T07:01:09.683Z",
  "price": "293.93000000",
  "size": "0",
  "count": 1,
  "sequence": 83,
  "productId": "ETH-USD",
  "side": "sell"
}
{
  "type": "level",
  "time": "2017-09-27T07:01:09.728Z",
  "price": "293.98000000",
  "size": "91.19202",
  "count": 1,
  "sequence": 84,
  "productId": "ETH-USD",
  "side": "sell"
}
{
  "type": "level",
  "time": "2017-09-27T07:01:09.879Z",
  "price": "290.15000000",
  "size": "0",
  "count": 1,
  "sequence": 85,
  "productId": "ETH-USD",
  "side": "sell"
}
{
  "type": "level",
  "time": "2017-09-27T07:01:09.913Z",
  "price": "294.49000000",
  "size": "8.18568461",
  "count": 1,
  "sequence": 86,
  "productId": "ETH-USD",
  "side": "sell"
}
{
  "type": "level",
  "time": "2017-09-27T07:01:09.977Z",
  "price": "291.73000000",
  "size": "20",
  "count": 1,
  "sequence": 87,
  "productId": "ETH-USD",
  "side": "sell"
}
{
  "type": "level",
  "time": "2017-09-27T07:01:09.980Z",
  "price": "293.98000000",
  "size": "0",
  "count": 1,
  "sequence": 88,
  "productId": "ETH-USD",
  "side": "sell"
}
{
  "type": "level",
  "time": "2017-09-27T07:01:09.990Z",
  "price": "290.31000000",
  "size": "0.018893",
  "count": 1,
  "sequence": 89,
  "productId": "ETH-USD",
  "side": "sell"
}
{
  "type": "level",
  "time": "2017-09-27T07:01:09.992Z",
  "price": "289.57000000",
  "size": "640.7075",
  "count": 1,
  "sequence": 90,
  "productId": "ETH-USD",
  "side": "buy"
}
{
  "type": "level",
  "time": "2017-09-27T07:01:10.008Z",
  "price": "288.04000000",
  "size": "21.33888",
  "count": 1,
  "sequence": 91,
  "productId": "ETH-USD",
  "side": "buy"
}
{
  "type": "level",
  "time": "2017-09-27T07:01:10.023Z",
  "price": "289.36000000",
  "size": "0",
  "count": 1,
  "sequence": 92,
  "productId": "ETH-USD",
  "side": "buy"
}
{
  "type": "level",
  "time": "2017-09-27T07:01:10.367Z",
  "price": "288.04000000",
  "size": "1.33888",
  "count": 1,
  "sequence": 93,
  "productId": "ETH-USD",
  "side": "buy"
}
{
  "type": "level",
  "time": "2017-09-27T07:01:10.432Z",
  "price": "291.73000000",
  "size": "0",
  "count": 1,
  "sequence": 94,
  "productId": "ETH-USD",
  "side": "sell"
}
{
  "type": "level",
  "time": "2017-09-27T07:01:11.129Z",
  "price": "290.18000000",
  "size": "0.01",
  "count": 1,
  "sequence": 95,
  "productId": "ETH-USD",
  "side": "sell"
}
{
  "type": "level",
  "time": "2017-09-27T07:01:11.234Z",
  "price": "290.30000000",
  "size": "0.060258",
  "count": 1,
  "sequence": 96,
  "productId": "ETH-USD",
  "side": "sell"
}
{
  "type": "level",
  "time": "2017-09-27T07:01:11.256Z",
  "price": "289.56000000",
  "size": "0",
  "count": 1,
  "sequence": 97,
  "productId": "ETH-USD",
  "side": "buy"
}
{
  "type": "level",
  "time": "2017-09-27T07:01:11.259Z",
  "price": "291.96000000",
  "size": "77.549",
  "count": 1,
  "sequence": 98,
  "productId": "ETH-USD",
  "side": "sell"
}
{
  "type": "level",
  "time": "2017-09-27T07:01:11.259Z",
  "price": "291.96000000",
  "size": "29.049",
  "count": 1,
  "sequence": 99,
  "productId": "ETH-USD",
  "side": "sell"
}
{
  "type": "level",
  "time": "2017-09-27T07:01:11.263Z",
  "price": "292.02000000",
  "size": "0",
  "count": 1,
  "sequence": 100,
  "productId": "ETH-USD",
  "side": "sell"
}
{
  "type": "level",
  "time": "2017-09-27T07:01:11.263Z",
  "price": "292.00000000",
  "size": "42.62943796",
  "count": 1,
  "sequence": 101,
  "productId": "ETH-USD",
  "side": "sell"
}
{
  "type": "level",
  "time": "2017-09-27T07:01:11.263Z",
  "price": "291.98000000",
  "size": "0",
  "count": 1,
  "sequence": 102,
  "productId": "ETH-USD",
  "side": "sell"
}
{
  "type": "level",
  "time": "2017-09-27T07:01:11.263Z",
  "price": "292.06000000",
  "size": "0",
  "count": 1,
  "sequence": 103,
  "productId": "ETH-USD",
  "side": "sell"
}
{
  "type": "level",
  "time": "2017-09-27T07:01:11.265Z",
  "price": "291.99000000",
  "size": "2.47388727",
  "count": 1,
  "sequence": 104,
  "productId": "ETH-USD",
  "side": "sell"
}
{
  "type": "level",
  "time": "2017-09-27T07:01:11.265Z",
  "price": "292.10000000",
  "size": "0.21",
  "count": 1,
  "sequence": 105,
  "productId": "ETH-USD",
  "side": "sell"
}
{
  "type": "level",
  "time": "2017-09-27T07:01:11.305Z",
  "price": "292.03000000",
  "size": "0.10274324",
  "count": 1,
  "sequence": 107,
  "productId": "ETH-USD",
  "side": "sell"
}
{
  "type": "level",
  "time": "2017-09-27T07:01:11.305Z",
  "price": "292.09000000",
  "size": "0.13340438",
  "count": 1,
  "sequence": 106,
  "productId": "ETH-USD",
  "side": "sell"
}
{
  "type": "level",
  "time": "2017-09-27T07:01:11.305Z",
  "price": "289.58000000",
  "size": "58.6",
  "count": 1,
  "sequence": 108,
  "productId": "ETH-USD",
  "side": "buy"
}
{
  "type": "level",
  "time": "2017-09-27T07:01:11.307Z",
  "price": "289.36000000",
  "size": "640.629338",
  "count": 1,
  "sequence": 109,
  "productId": "ETH-USD",
  "side": "buy"
}
{
  "type": "level",
  "time": "2017-09-27T07:01:11.358Z",
  "price": "289.57000000",
  "size": "0.08",
  "count": 1,
  "sequence": 110,
  "productId": "ETH-USD",
  "side": "buy"
}
{
  "type": "level",
  "time": "2017-09-27T07:01:11.931Z",
  "price": "291.96000000",
  "size": "0.05",
  "count": 1,
  "sequence": 111,
  "productId": "ETH-USD",
  "side": "sell"
}
{
  "type": "level",
  "time": "2017-09-27T07:01:12.190Z",
  "price": "288.64000000",
  "size": "0",
  "count": 1,
  "sequence": 112,
  "productId": "ETH-USD",
  "side": "buy"
}
{
  "type": "level",
  "time": "2017-09-27T07:01:12.313Z",
  "price": "292.08000000",
  "size": "0",
  "count": 1,
  "sequence": 113,
  "productId": "ETH-USD",
  "side": "sell"
}
{
  "type": "level",
  "time": "2017-09-27T07:01:12.314Z",
  "price": "292.11000000",
  "size": "0.033",
  "count": 1,
  "sequence": 114,
  "productId": "ETH-USD",
  "side": "sell"
}
{
  "type": "level",
  "time": "2017-09-27T07:01:12.322Z",
  "price": "289.59000000",
  "size": "56.66",
  "count": 1,
  "sequence": 115,
  "productId": "ETH-USD",
  "side": "buy"
}
{
  "type": "level",
  "time": "2017-09-27T07:01:12.331Z",
  "price": "289.60000000",
  "size": "45.31",
  "count": 1,
  "sequence": 116,
  "productId": "ETH-USD",
  "side": "buy"
}
{
  "type": "level",
  "time": "2017-09-27T07:01:12.343Z",
  "price": "292.25000000",
  "size": "59.42676585",
  "count": 1,
  "sequence": 117,
  "productId": "ETH-USD",
  "side": "sell"
}
{
  "type": "level",
  "time": "2017-09-27T07:01:12.361Z",
  "price": "292.22000000",
  "size": "54.07",
  "count": 1,
  "sequence": 118,
  "productId": "ETH-USD",
  "side": "sell"
}
{
  "type": "level",
  "time": "2017-09-27T07:01:12.361Z",
  "price": "293.19000000",
  "size": "0.11435363",
  "count": 1,
  "sequence": 119,
  "productId": "ETH-USD",
  "side": "sell"
}
{
  "type": "level",
  "time": "2017-09-27T07:01:12.367Z",
  "price": "292.25000000",
  "size": "106.49676585",
  "count": 1,
  "sequence": 120,
  "productId": "ETH-USD",
  "side": "sell"
}
{
  "type": "level",
  "time": "2017-09-27T07:01:12.371Z",
  "price": "292.24000000",
  "size": "60.34008137",
  "count": 1,
  "sequence": 121,
  "productId": "ETH-USD",
  "side": "sell"
}
{
  "type": "level",
  "time": "2017-09-27T07:01:12.371Z",
  "price": "292.16000000",
  "size": "55.66",
  "count": 1,
  "sequence": 122,
  "productId": "ETH-USD",
  "side": "sell"
}
{
  "type": "level",
  "time": "2017-09-27T07:01:12.387Z",
  "price": "292.19000000",
  "size": "110.35340438",
  "count": 1,
  "sequence": 124,
  "productId": "ETH-USD",
  "side": "sell"
}
{
  "type": "level",
  "time": "2017-09-27T07:01:12.386Z",
  "price": "292.19000000",
  "size": "61.26340438",
  "count": 1,
  "sequence": 123,
  "productId": "ETH-USD",
  "side": "sell"
}
{
  "type": "level",
  "time": "2017-09-27T07:01:12.405Z",
  "price": "292.24000000",
  "size": "109.89008137",
  "count": 1,
  "sequence": 125,
  "productId": "ETH-USD",
  "side": "sell"
}
{
  "type": "level",
  "time": "2017-09-27T07:01:12.831Z",
  "price": "288.77000000",
  "size": "4.07",
  "count": 1,
  "sequence": 126,
  "productId": "ETH-USD",
  "side": "buy"
}
{
  "type": "level",
  "time": "2017-09-27T07:01:12.864Z",
  "price": "289.93000000",
  "size": "7.3",
  "count": 1,
  "sequence": 127,
  "productId": "ETH-USD",
  "side": "buy"
}
{
  "type": "level",
  "time": "2017-09-27T07:01:12.881Z",
  "price": "290.23000000",
  "size": "1.501496",
  "count": 1,
  "sequence": 128,
  "productId": "ETH-USD",
  "side": "sell"
}
{
  "type": "level",
  "time": "2017-09-27T07:01:12.881Z",
  "price": "289.94000000",
  "size": "8.53",
  "count": 1,
  "sequence": 129,
  "productId": "ETH-USD",
  "side": "buy"
}
{
  "type": "level",
  "time": "2017-09-27T07:01:12.895Z",
  "price": "290.25000000",
  "size": "3.101283",
  "count": 1,
  "sequence": 130,
  "productId": "ETH-USD",
  "side": "sell"
}
{
  "type": "level",
  "time": "2017-09-27T07:01:13.020Z",
  "price": "287.92000000",
  "size": "27.5",
  "count": 1,
  "sequence": 131,
  "productId": "ETH-USD",
  "side": "buy"
}
{
  "type": "level",
  "time": "2017-09-27T07:01:13.020Z",
  "price": "291.98000000",
  "size": "20",
  "count": 1,
  "sequence": 132,
  "productId": "ETH-USD",
  "side": "sell"
}
{
  "type": "level",
  "time": "2017-09-27T07:01:13.038Z",
  "price": "290.25000000",
  "size": "0.151283",
  "count": 1,
  "sequence": 133,
  "productId": "ETH-USD",
  "side": "sell"
}
{
  "type": "level",
  "time": "2017-09-27T07:01:13.045Z",
  "price": "290.24000000",
  "size": "3.591284",
  "count": 1,
  "sequence": 134,
  "productId": "ETH-USD",
  "side": "sell"
}
{
  "type": "level",
  "time": "2017-09-27T07:01:13.212Z",
  "price": "289.21000000",
  "size": "640.73513931",
  "count": 1,
  "sequence": 135,
  "productId": "ETH-USD",
  "side": "buy"
}
{
  "type": "level",
  "time": "2017-09-27T07:01:13.249Z",
  "price": "289.36000000",
  "size": "0",
  "count": 1,
  "sequence": 136,
  "productId": "ETH-USD",
  "side": "buy"
}
{
  "type": "level",
  "time": "2017-09-27T07:01:13.304Z",
  "price": "293.21000000",
  "size": "6.79926216",
  "count": 1,
  "sequence": 137,
  "productId": "ETH-USD",
  "side": "sell"
}
{
  "type": "level",
  "time": "2017-09-27T07:01:13.360Z",
  "price": "293.93000000",
  "size": "93.58061",
  "count": 1,
  "sequence": 138,
  "productId": "ETH-USD",
  "side": "sell"
}
{
  "type": "level",
  "time": "2017-09-27T07:01:13.378Z",
  "price": "289.59000000",
  "size": "0",
  "count": 1,
  "sequence": 139,
  "productId": "ETH-USD",
  "side": "buy"
}
{
  "type": "level",
  "time": "2017-09-27T07:01:13.392Z",
  "price": "292.22000000",
  "size": "101.04",
  "count": 1,
  "sequence": 140,
  "productId": "ETH-USD",
  "side": "sell"
}
{
  "type": "level",
  "time": "2017-09-27T07:01:13.394Z",
  "price": "292.23000000",
  "size": "46.04",
  "count": 1,
  "sequence": 141,
  "productId": "ETH-USD",
  "side": "sell"
}
{
  "type": "level",
  "time": "2017-09-27T07:01:13.397Z",
  "price": "292.16000000",
  "size": "105.85",
  "count": 1,
  "sequence": 142,
  "productId": "ETH-USD",
  "side": "sell"
}
{
  "type": "level",
  "time": "2017-09-27T07:01:13.415Z",
  "price": "289.57000000",
  "size": "0.07",
  "count": 1,
  "sequence": 143,
  "productId": "ETH-USD",
  "side": "buy"
}
{
  "type": "level",
  "time": "2017-09-27T07:01:13.417Z",
  "price": "292.33000000",
  "size": "1.38",
  "count": 1,
  "sequence": 144,
  "productId": "ETH-USD",
  "side": "sell"
}
{
  "type": "level",
  "time": "2017-09-27T07:01:13.418Z",
  "price": "289.57000000",
  "size": "0.06",
  "count": 1,
  "sequence": 145,
  "productId": "ETH-USD",
  "side": "buy"
}
{
  "type": "level",
  "time": "2017-09-27T07:01:13.423Z",
  "price": "292.18000000",
  "size": "46.67",
  "count": 1,
  "sequence": 146,
  "productId": "ETH-USD",
  "side": "sell"
}
{
  "type": "level",
  "time": "2017-09-27T07:01:13.429Z",
  "price": "292.23000000",
  "size": "90.75",
  "count": 1,
  "sequence": 147,
  "productId": "ETH-USD",
  "side": "sell"
}
{
  "type": "level",
  "time": "2017-09-27T07:01:13.430Z",
  "price": "292.18000000",
  "size": "89.47",
  "count": 1,
  "sequence": 148,
  "productId": "ETH-USD",
  "side": "sell"
}
{
  "type": "level",
  "time": "2017-09-27T07:01:13.493Z",
  "price": "289.57000000",
  "size": "0.07",
  "count": 1,
  "sequence": 149,
  "productId": "ETH-USD",
  "side": "buy"
}
{
  "type": "level",
  "time": "2017-09-27T07:01:13.520Z",
  "price": "289.57000000",
  "size": "0.08",
  "count": 1,
  "sequence": 150,
  "productId": "ETH-USD",
  "side": "buy"
}
{
  "type": "level",
  "time": "2017-09-27T07:01:13.521Z",
  "price": "292.33000000",
  "size": "1.39",
  "count": 1,
  "sequence": 151,
  "productId": "ETH-USD",
  "side": "sell"
}
{
  "type": "level",
  "time": "2017-09-27T07:01:13.753Z",
  "price": "289.59000000",
  "size": "632.647899",
  "count": 1,
  "sequence": 152,
  "productId": "ETH-USD",
  "side": "buy"
}
{
  "type": "level",
  "time": "2017-09-27T07:01:13.776Z",
  "price": "289.21000000",
  "size": "0.10547531",
  "count": 1,
  "sequence": 153,
  "productId": "ETH-USD",
  "side": "buy"
}
{
  "type": "level",
  "time": "2017-09-27T07:01:14.322Z",
  "price": "293.93000000",
  "size": "0",
  "count": 1,
  "sequence": 154,
  "productId": "ETH-USD",
  "side": "sell"
}
{
  "type": "level",
  "time": "2017-09-27T07:01:14.336Z",
  "price": "293.58000000",
  "size": "92.16795",
  "count": 1,
  "sequence": 155,
  "productId": "ETH-USD",
  "side": "sell"
}
{
  "type": "level",
  "time": "2017-09-27T07:01:14.433Z",
  "price": "291.98000000",
  "size": "0",
  "count": 1,
  "sequence": 156,
  "productId": "ETH-USD",
  "side": "sell"
}
{
  "type": "level",
  "time": "2017-09-27T07:01:14.476Z",
  "price": "287.92000000",
  "size": "7.5",
  "count": 1,
  "sequence": 157,
  "productId": "ETH-USD",
  "side": "buy"
}
{
  "type": "level",
  "time": "2017-09-27T07:01:15.038Z",
  "price": "291.78000000",
  "size": "35.699",
  "count": 1,
  "sequence": 158,
  "productId": "ETH-USD",
  "side": "sell"
}
{
  "type": "level",
  "time": "2017-09-27T07:01:15.184Z",
  "price": "289.93000000",
  "size": "0",
  "count": 1,
  "sequence": 159,
  "productId": "ETH-USD",
  "side": "buy"
}
{
  "type": "level",
  "time": "2017-09-27T07:01:15.229Z",
  "price": "290.24000000",
  "size": "0.641284",
  "count": 1,
  "sequence": 160,
  "productId": "ETH-USD",
  "side": "sell"
}
{
  "type": "level",
  "time": "2017-09-27T07:01:15.249Z",
  "price": "290.26000000",
  "size": "2.965468",
  "count": 1,
  "sequence": 161,
  "productId": "ETH-USD",
  "side": "sell"
}
{
  "type": "level",
  "time": "2017-09-27T07:01:15.274Z",
  "price": "293.58000000",
  "size": "0",
  "count": 1,
  "sequence": 162,
  "productId": "ETH-USD",
  "side": "sell"
}
{
  "type": "level",
  "time": "2017-09-27T07:01:15.286Z",
  "price": "290.26000000",
  "size": "0.015468",
  "count": 1,
  "sequence": 163,
  "productId": "ETH-USD",
  "side": "sell"
}
{
  "type": "level",
  "time": "2017-09-27T07:01:15.287Z",
  "price": "290.25000000",
  "size": "3.101283",
  "count": 1,
  "sequence": 164,
  "productId": "ETH-USD",
  "side": "sell"
}
{
  "type": "level",
  "time": "2017-09-27T07:01:15.294Z",
  "price": "289.94000000",
  "size": "16.43",
  "count": 1,
  "sequence": 165,
  "productId": "ETH-USD",
  "side": "buy"
}
{
  "type": "level",
  "time": "2017-09-27T07:01:16.025Z",
  "price": "288.16000000",
  "size": "22",
  "count": 1,
  "sequence": 166,
  "productId": "ETH-USD",
  "side": "buy"
}
{
  "type": "level",
  "time": "2017-09-27T07:01:16.073Z",
  "price": "292.01000000",
  "size": "20.15",
  "count": 1,
  "sequence": 167,
  "productId": "ETH-USD",
  "side": "sell"
}
{
  "type": "level",
  "time": "2017-09-27T07:01:16.404Z",
  "price": "292.01000000",
  "size": "0.15",
  "count": 1,
  "sequence": 168,
  "productId": "ETH-USD",
  "side": "sell"
}
{
  "type": "level",
  "time": "2017-09-27T07:01:16.516Z",
  "price": "288.16000000",
  "size": "2",
  "count": 1,
  "sequence": 169,
  "productId": "ETH-USD",
  "side": "buy"
}
{
  "type": "level",
  "time": "2017-09-27T07:01:17.393Z",
  "price": "290.23000000",
  "size": "4.451496",
  "count": 1,
  "sequence": 170,
  "productId": "ETH-USD",
  "side": "sell"
}
{
  "type": "level",
  "time": "2017-09-27T07:01:17.396Z",
  "price": "290.25000000",
  "size": "0.151283",
  "count": 1,
  "sequence": 171,
  "productId": "ETH-USD",
  "side": "sell"
}
{
  "type": "level",
  "time": "2017-09-27T07:01:18.610Z",
  "price": "281.77000000",
  "size": "0.111",
  "count": 1,
  "sequence": 172,
  "productId": "ETH-USD",
  "side": "buy"
}
{
  "type": "level",
  "time": "2017-09-27T07:01:18.654Z",
  "price": "290.23000000",
  "size": "1.501496",
  "count": 1,
  "sequence": 173,
  "productId": "ETH-USD",
  "side": "sell"
}
{
  "type": "level",
  "time": "2017-09-27T07:01:18.658Z",
  "price": "290.22000000",
  "size": "2.965499",
  "count": 1,
  "sequence": 174,
  "productId": "ETH-USD",
  "side": "sell"
}
{
  "type": "level",
  "time": "2017-09-27T07:01:18.938Z",
  "price": "290.17000000",
  "size": "0",
  "count": 1,
  "sequence": 175,
  "productId": "ETH-USD",
  "side": "sell"
}
{
  "type": "level",
  "time": "2017-09-27T07:01:19.018Z",
  "price": "290.29000000",
  "size": "0.015488",
  "count": 1,
  "sequence": 176,
  "productId": "ETH-USD",
  "side": "sell"
}
{
  "type": "level",
  "time": "2017-09-27T07:01:19.086Z",
  "price": "288.12000000",
  "size": "20",
  "count": 1,
  "sequence": 177,
  "productId": "ETH-USD",
  "side": "buy"
}
{
  "type": "level",
  "time": "2017-09-27T07:01:19.107Z",
  "price": "292.01000000",
  "size": "20.15",
  "count": 1,
  "sequence": 178,
  "productId": "ETH-USD",
  "side": "sell"
}
{
  "type": "level",
  "time": "2017-09-27T07:01:19.260Z",
  "price": "285.77000000",
  "size": "0.34467307",
  "count": 1,
  "sequence": 179,
  "productId": "ETH-USD",
  "side": "buy"
}
{
  "type": "level",
  "time": "2017-09-27T07:01:20.261Z",
  "price": "293.21000000",
  "size": "1.79926216",
  "count": 1,
  "sequence": 180,
  "productId": "ETH-USD",
  "side": "sell"
}
{
  "type": "level",
  "time": "2017-09-27T07:01:20.261Z",
  "price": "290.16000000",
  "size": "0",
  "count": 1,
  "sequence": 181,
  "productId": "ETH-USD",
  "side": "sell"
}
{
  "type": "level",
  "time": "2017-09-27T07:01:20.267Z",
  "price": "290.14000000",
  "size": "1.6834328",
  "count": 1,
  "sequence": 182,
  "productId": "ETH-USD",
  "side": "sell"
}
{
  "type": "level",
  "time": "2017-09-27T07:01:20.559Z",
  "price": "292.01000000",
  "size": "0.15",
  "count": 1,
  "sequence": 183,
  "productId": "ETH-USD",
  "side": "sell"
}
{
  "type": "level",
  "time": "2017-09-27T07:01:20.598Z",
  "price": "288.12000000",
  "size": "0",
  "count": 1,
  "sequence": 184,
  "productId": "ETH-USD",
  "side": "buy"
}
{
  "type": "level",
  "time": "2017-09-27T07:01:21.304Z",
  "price": "306.38000000",
  "size": "0.1352",
  "count": 1,
  "sequence": 185,
  "productId": "ETH-USD",
  "side": "sell"
}
{
  "type": "level",
  "time": "2017-09-27T07:01:21.314Z",
  "price": "293.15000000",
  "size": "5.51497073",
  "count": 1,
  "sequence": 186,
  "productId": "ETH-USD",
  "side": "sell"
}
{
  "type": "level",
  "time": "2017-09-27T07:01:21.394Z",
  "price": "290.19000000",
  "size": "0.06201489",
  "count": 1,
  "sequence": 187,
  "productId": "ETH-USD",
  "side": "sell"
}
{
  "type": "level",
  "time": "2017-09-27T07:01:21.446Z",
  "price": "290.18000000",
  "size": "0.025464",
  "count": 1,
  "sequence": 188,
  "productId": "ETH-USD",
  "side": "sell"
}
{
  "type": "level",
  "time": "2017-09-27T07:01:21.519Z",
  "price": "289.36000000",
  "size": "640.629338",
  "count": 1,
  "sequence": 189,
  "productId": "ETH-USD",
  "side": "buy"
}
{
  "type": "level",
  "time": "2017-09-27T07:01:21.556Z",
  "price": "289.59000000",
  "size": "0",
  "count": 1,
  "sequence": 190,
  "productId": "ETH-USD",
  "side": "buy"
}
{
  "type": "level",
  "time": "2017-09-27T07:01:22.513Z",
  "price": "288.12000000",
  "size": "20",
  "count": 1,
  "sequence": 191,
  "productId": "ETH-USD",
  "side": "buy"
}
{
  "type": "level",
  "time": "2017-09-27T07:01:22.514Z",
  "price": "291.96000000",
  "size": "20.05",
  "count": 1,
  "sequence": 192,
  "productId": "ETH-USD",
  "side": "sell"
}
{
  "type": "level",
  "time": "2017-09-27T07:01:22.637Z",
  "price": "290.20000000",
  "size": "0.1258",
  "count": 1,
  "sequence": 193,
  "productId": "ETH-USD",
  "side": "sell"
}
{
  "type": "level",
  "time": "2017-09-27T07:01:22.652Z",
  "price": "290.22000000",
  "size": "0.015499",
  "count": 1,
  "sequence": 194,
  "productId": "ETH-USD",
  "side": "sell"
}
{
  "type": "level",
  "time": "2017-09-27T07:01:22.664Z",
  "price": "290.25000000",
  "size": "3.101283",
  "count": 1,
  "sequence": 195,
  "productId": "ETH-USD",
  "side": "sell"
}
{
  "type": "level",
  "time": "2017-09-27T07:01:22.816Z",
  "price": "290.17000000",
  "size": "0.018915",
  "count": 1,
  "sequence": 196,
  "productId": "ETH-USD",
  "side": "sell"
}
{
  "type": "level",
  "time": "2017-09-27T07:01:22.907Z",
  "price": "291.96000000",
  "size": "0.05",
  "count": 1,
  "sequence": 197,
  "productId": "ETH-USD",
  "side": "sell"
}
{
  "type": "level",
  "time": "2017-09-27T07:01:22.924Z",
  "price": "290.25000000",
  "size": "0.151283",
  "count": 1,
  "sequence": 198,
  "productId": "ETH-USD",
  "side": "sell"
}
{
  "type": "level",
  "time": "2017-09-27T07:01:22.931Z",
  "price": "313.21000000",
  "size": "0",
  "count": 1,
  "sequence": 199,
  "productId": "ETH-USD",
  "side": "sell"
}
{
  "type": "level",
  "time": "2017-09-27T07:01:22.955Z",
  "price": "288.12000000",
  "size": "0",
  "count": 1,
  "sequence": 200,
  "productId": "ETH-USD",
  "side": "buy"
}
{
  "type": "level",
  "time": "2017-09-27T07:01:22.975Z",
  "price": "290.22000000",
  "size": "2.965499",
  "count": 1,
  "sequence": 201,
  "productId": "ETH-USD",
  "side": "sell"
}
{
  "type": "level",
  "time": "2017-09-27T07:01:22.976Z",
  "price": "290.37000000",
  "size": "0.04826916",
  "count": 1,
  "sequence": 202,
  "productId": "ETH-USD",
  "side": "sell"
}
{
  "type": "level",
  "time": "2017-09-27T07:01:22.986Z",
  "price": "290.39000000",
  "size": "3",
  "count": 1,
  "sequence": 203,
  "productId": "ETH-USD",
  "side": "sell"
}
{
  "type": "level",
  "time": "2017-09-27T07:01:23.018Z",
  "price": "290.22000000",
  "size": "0.015499",
  "count": 1,
  "sequence": 204,
  "productId": "ETH-USD",
  "side": "sell"
}
{
  "type": "level",
  "time": "2017-09-27T07:01:23.041Z",
  "price": "290.24000000",
  "size": "3.591284",
  "count": 1,
  "sequence": 205,
  "productId": "ETH-USD",
  "side": "sell"
}
{
  "type": "level",
  "time": "2017-09-27T07:01:23.166Z",
  "price": "313.21000000",
  "size": "0.16261524",
  "count": 1,
  "sequence": 206,
  "productId": "ETH-USD",
  "side": "sell"
}
{
  "type": "level",
  "time": "2017-09-27T07:01:23.240Z",
  "price": "290.39000000",
  "size": "0",
  "count": 1,
  "sequence": 207,
  "productId": "ETH-USD",
  "side": "sell"
}
{
  "type": "level",
  "time": "2017-09-27T07:01:23.259Z",
  "price": "290.38000000",
  "size": "3",
  "count": 1,
  "sequence": 208,
  "productId": "ETH-USD",
  "side": "sell"
}
{
  "type": "level",
  "time": "2017-09-27T07:01:23.456Z",
  "price": "290.38000000",
  "size": "0",
  "count": 1,
  "sequence": 209,
  "productId": "ETH-USD",
  "side": "sell"
}
{
  "type": "level",
  "time": "2017-09-27T07:01:23.466Z",
  "price": "290.37000000",
  "size": "3.04826916",
  "count": 1,
  "sequence": 210,
  "productId": "ETH-USD",
  "side": "sell"
}
{
  "type": "level",
  "time": "2017-09-27T07:01:23.486Z",
  "price": "290.24000000",
  "size": "0.641284",
  "count": 1,
  "sequence": 211,
  "productId": "ETH-USD",
  "side": "sell"
}
{
  "type": "level",
  "time": "2017-09-27T07:01:23.512Z",
  "price": "290.23000000",
  "size": "4.451496",
  "count": 1,
  "sequence": 212,
  "productId": "ETH-USD",
  "side": "sell"
}
{
  "type": "level",
  "time": "2017-09-27T07:01:23.620Z",
  "price": "290.52000000",
  "size": "40.5",
  "count": 1,
  "sequence": 213,
  "productId": "ETH-USD",
  "side": "sell"
}
{
  "type": "level",
  "time": "2017-09-27T07:01:23.796Z",
  "price": "291.17000000",
  "size": "138.079111",
  "count": 1,
  "sequence": 214,
  "productId": "ETH-USD",
  "side": "sell"
}
{
  "type": "level",
  "time": "2017-09-27T07:01:23.855Z",
  "price": "290.23000000",
  "size": "1.501496",
  "count": 1,
  "sequence": 215,
  "productId": "ETH-USD",
  "side": "sell"
}
{
  "type": "level",
  "time": "2017-09-27T07:01:23.934Z",
  "price": "290.21000000",
  "size": "0.1258",
  "count": 1,
  "sequence": 216,
  "productId": "ETH-USD",
  "side": "sell"
}
{
  "type": "level",
  "time": "2017-09-27T07:01:23.965Z",
  "price": "290.37000000",
  "size": "0.04826916",
  "count": 1,
  "sequence": 217,
  "productId": "ETH-USD",
  "side": "sell"
}
{
  "type": "level",
  "time": "2017-09-27T07:01:23.969Z",
  "price": "290.39000000",
  "size": "3",
  "count": 1,
  "sequence": 218,
  "productId": "ETH-USD",
  "side": "sell"
}
{
  "type": "level",
  "time": "2017-09-27T07:01:23.987Z",
  "price": "290.22000000",
  "size": "2.965499",
  "count": 1,
  "sequence": 219,
  "productId": "ETH-USD",
  "side": "sell"
}
{
  "type": "level",
  "time": "2017-09-27T07:01:23.992Z",
  "price": "290.19000000",
  "size": "0.08094089",
  "count": 1,
  "sequence": 220,
  "productId": "ETH-USD",
  "side": "sell"
}
{
  "type": "level",
  "time": "2017-09-27T07:01:24.057Z",
  "price": "290.52000000",
  "size": "0.5",
  "count": 1,
  "sequence": 221,
  "productId": "ETH-USD",
  "side": "sell"
}
{
  "type": "level",
  "time": "2017-09-27T07:01:24.114Z",
  "price": "291.17000000",
  "size": "178.079111",
  "count": 1,
  "sequence": 222,
  "productId": "ETH-USD",
  "side": "sell"
}
{
  "type": "level",
  "time": "2017-09-27T07:01:24.213Z",
  "price": "290.39000000",
  "size": "0",
  "count": 1,
  "sequence": 223,
  "productId": "ETH-USD",
  "side": "sell"
}
{
  "type": "level",
  "time": "2017-09-27T07:01:24.221Z",
  "price": "290.38000000",
  "size": "3",
  "count": 1,
  "sequence": 224,
  "productId": "ETH-USD",
  "side": "sell"
}
{
  "type": "level",
  "time": "2017-09-27T07:01:24.467Z",
  "price": "290.38000000",
  "size": "0",
  "count": 1,
  "sequence": 225,
  "productId": "ETH-USD",
  "side": "sell"
}
{
  "type": "level",
  "time": "2017-09-27T07:01:24.480Z",
  "price": "290.37000000",
  "size": "3.04826916",
  "count": 1,
  "sequence": 226,
  "productId": "ETH-USD",
  "side": "sell"
}
{
  "type": "level",
  "time": "2017-09-27T07:01:24.971Z",
  "price": "291.17000000",
  "size": "138.079111",
  "count": 1,
  "sequence": 227,
  "productId": "ETH-USD",
  "side": "sell"
}
{
  "type": "level",
  "time": "2017-09-27T07:01:24.971Z",
  "price": "290.52000000",
  "size": "40.5",
  "count": 1,
  "sequence": 228,
  "productId": "ETH-USD",
  "side": "sell"
}
{
  "type": "level",
  "time": "2017-09-27T07:01:25.243Z",
  "price": "288.16000000",
  "size": "22",
  "count": 1,
  "sequence": 229,
  "productId": "ETH-USD",
  "side": "buy"
}
{
  "type": "level",
  "time": "2017-09-27T07:01:25.249Z",
  "price": "291.97000000",
  "size": "20.116993",
  "count": 1,
  "sequence": 230,
  "productId": "ETH-USD",
  "side": "sell"
}
{
  "type": "level",
  "time": "2017-09-27T07:01:26.407Z",
  "price": "291.97000000",
  "size": "0.116993",
  "count": 1,
  "sequence": 231,
  "productId": "ETH-USD",
  "side": "sell"
}
{
  "type": "level",
  "time": "2017-09-27T07:01:26.407Z",
  "price": "290.23000000",
  "size": "1.4826",
  "count": 1,
  "sequence": 232,
  "productId": "ETH-USD",
  "side": "sell"
}
{
  "type": "level",
  "time": "2017-09-27T07:01:26.444Z",
  "price": "290.22000000",
  "size": "0.015499",
  "count": 1,
  "sequence": 233,
  "productId": "ETH-USD",
  "side": "sell"
}
{
  "type": "level",
  "time": "2017-09-27T07:01:26.444Z",
  "price": "288.16000000",
  "size": "2",
  "count": 1,
  "sequence": 234,
  "productId": "ETH-USD",
  "side": "buy"
}
{
  "type": "level",
  "time": "2017-09-27T07:01:26.444Z",
  "price": "290.20000000",
  "size": "0.144716",
  "count": 1,
  "sequence": 235,
  "productId": "ETH-USD",
  "side": "sell"
}
{
  "type": "level",
  "time": "2017-09-27T07:01:26.493Z",
  "price": "290.24000000",
  "size": "3.591284",
  "count": 1,
  "sequence": 236,
  "productId": "ETH-USD",
  "side": "sell"
}
{
  "type": "level",
  "time": "2017-09-27T07:01:27.444Z",
  "price": "313.74000000",
  "size": "0.16340685",
  "count": 1,
  "sequence": 237,
  "productId": "ETH-USD",
  "side": "sell"
}
{
  "type": "level",
  "time": "2017-09-27T07:01:27.474Z",
  "price": "290.24000000",
  "size": "0.641284",
  "count": 1,
  "sequence": 238,
  "productId": "ETH-USD",
  "side": "sell"
}
{
  "type": "level",
  "time": "2017-09-27T07:01:27.507Z",
  "price": "290.22000000",
  "size": "2.965499",
  "count": 1,
  "sequence": 239,
  "productId": "ETH-USD",
  "side": "sell"
}
{
  "type": "level",
  "time": "2017-09-27T07:01:27.570Z",
  "price": "290.22000000",
  "size": "2.95",
  "count": 1,
  "sequence": 240,
  "productId": "ETH-USD",
  "side": "sell"
}
{
  "type": "level",
  "time": "2017-09-27T07:01:27.687Z",
  "price": "290.21000000",
  "size": "0.144726",
  "count": 1,
  "sequence": 241,
  "productId": "ETH-USD",
  "side": "sell"
}
{
  "type": "level",
  "time": "2017-09-27T07:01:27.732Z",
  "price": "290.22000000",
  "size": "0",
  "count": 1,
  "sequence": 242,
  "productId": "ETH-USD",
  "side": "sell"
}
{
  "type": "level",
  "time": "2017-09-27T07:01:27.756Z",
  "price": "289.94000000",
  "size": "15.8",
  "count": 1,
  "sequence": 243,
  "productId": "ETH-USD",
  "side": "buy"
}
{
  "type": "level",
  "time": "2017-09-27T07:01:27.765Z",
  "price": "290.27000000",
  "size": "2.968915",
  "count": 1,
  "sequence": 244,
  "productId": "ETH-USD",
  "side": "sell"
}
{
  "type": "level",
  "time": "2017-09-27T07:01:27.789Z",
  "price": "290.13000000",
  "size": "202.868364",
  "count": 1,
  "sequence": 245,
  "productId": "ETH-USD",
  "side": "sell"
}
{
  "type": "level",
  "time": "2017-09-27T07:01:27.790Z",
  "price": "290.13000000",
  "size": "202.759364",
  "count": 1,
  "sequence": 246,
  "productId": "ETH-USD",
  "side": "sell"
}
{
  "type": "level",
  "time": "2017-09-27T07:01:27.794Z",
  "price": "290.13000000",
  "size": "202.749364",
  "count": 1,
  "sequence": 247,
  "productId": "ETH-USD",
  "side": "sell"
}
{
  "type": "level",
  "time": "2017-09-27T07:01:27.803Z",
  "price": "290.13000000",
  "size": "193.34176905",
  "count": 1,
  "sequence": 248,
  "productId": "ETH-USD",
  "side": "sell"
}
{
  "type": "level",
  "time": "2017-09-27T07:01:27.803Z",
  "price": "313.74000000",
  "size": "0.3268137",
  "count": 1,
  "sequence": 249,
  "productId": "ETH-USD",
  "side": "sell"
}
{
  "type": "level",
  "time": "2017-09-27T07:01:27.804Z",
  "price": "288.77000000",
  "size": "0",
  "count": 1,
  "sequence": 250,
  "productId": "ETH-USD",
  "side": "buy"
}
{
  "type": "level",
  "time": "2017-09-27T07:01:27.820Z",
  "price": "289.60000000",
  "size": "0",
  "count": 1,
  "sequence": 251,
  "productId": "ETH-USD",
  "side": "buy"
}
{
  "type": "level",
  "time": "2017-09-27T07:01:27.825Z",
  "price": "292.18000000",
  "size": "46.67",
  "count": 1,
  "sequence": 252,
  "productId": "ETH-USD",
  "side": "sell"
}
{
  "type": "level",
  "time": "2017-09-27T07:01:27.827Z",
  "price": "292.18000000",
  "size": "0",
  "count": 1,
  "sequence": 253,
  "productId": "ETH-USD",
  "side": "sell"
}
{
  "type": "level",
  "time": "2017-09-27T07:01:27.845Z",
  "price": "292.23000000",
  "size": "46.04",
  "count": 1,
  "sequence": 254,
  "productId": "ETH-USD",
  "side": "sell"
}
{
  "type": "level",
  "time": "2017-09-27T07:01:27.845Z",
  "price": "292.16000000",
  "size": "55.66",
  "count": 1,
  "sequence": 255,
  "productId": "ETH-USD",
  "side": "sell"
}
{
  "type": "level",
  "time": "2017-09-27T07:01:27.845Z",
  "price": "292.23000000",
  "size": "0.05",
  "count": 1,
  "sequence": 256,
  "productId": "ETH-USD",
  "side": "sell"
}
{
  "type": "level",
  "time": "2017-09-27T07:01:27.845Z",
  "price": "292.22000000",
  "size": "54.07",
  "count": 1,
  "sequence": 257,
  "productId": "ETH-USD",
  "side": "sell"
}
{
  "type": "level",
  "time": "2017-09-27T07:01:27.845Z",
  "price": "292.19000000",
  "size": "61.26340438",
  "count": 1,
  "sequence": 258,
  "productId": "ETH-USD",
  "side": "sell"
}
{
  "type": "level",
  "time": "2017-09-27T07:01:27.855Z",
  "price": "292.25000000",
  "size": "59.42676585",
  "count": 1,
  "sequence": 259,
  "productId": "ETH-USD",
  "side": "sell"
}
{
  "type": "level",
  "time": "2017-09-27T07:01:27.855Z",
  "price": "292.19000000",
  "size": "10.10340438",
  "count": 1,
  "sequence": 260,
  "productId": "ETH-USD",
  "side": "sell"
}
{
  "type": "level",
  "time": "2017-09-27T07:01:27.855Z",
  "price": "289.44000000",
  "size": "55.34",
  "count": 1,
  "sequence": 261,
  "productId": "ETH-USD",
  "side": "buy"
}
{
  "type": "level",
  "time": "2017-09-27T07:01:27.855Z",
  "price": "289.37000000",
  "size": "48.38",
  "count": 1,
  "sequence": 262,
  "productId": "ETH-USD",
  "side": "buy"
}
{
  "type": "level",
  "time": "2017-09-27T07:01:27.855Z",
  "price": "290.12000000",
  "size": "53.39221583",
  "count": 1,
  "sequence": 263,
  "productId": "ETH-USD",
  "side": "buy"
}
{
  "type": "level",
  "time": "2017-09-27T07:01:27.856Z",
  "price": "289.96000000",
  "size": "0.82",
  "count": 1,
  "sequence": 264,
  "productId": "ETH-USD",
  "side": "buy"
}
{
  "type": "level",
  "time": "2017-09-27T07:01:27.880Z",
  "price": "290.52000000",
  "size": "0.5",
  "count": 1,
  "sequence": 265,
  "productId": "ETH-USD",
  "side": "sell"
}
{
  "type": "level",
  "time": "2017-09-27T07:01:27.899Z",
  "price": "293.15000000",
  "size": "0.51497073",
  "count": 1,
  "sequence": 266,
  "productId": "ETH-USD",
  "side": "sell"
}
{
  "type": "level",
  "time": "2017-09-27T07:01:27.901Z",
  "price": "291.17000000",
  "size": "178.079111",
  "count": 1,
  "sequence": 267,
  "productId": "ETH-USD",
  "side": "sell"
}
{
  "type": "level",
  "time": "2017-09-27T07:01:27.904Z",
  "price": "289.95000000",
  "size": "0.74",
  "count": 1,
  "sequence": 268,
  "productId": "ETH-USD",
  "side": "buy"
}
{
  "type": "level",
  "time": "2017-09-27T07:01:27.941Z",
  "price": "289.46000000",
  "size": "641.5886851",
  "count": 1,
  "sequence": 269,
  "productId": "ETH-USD",
  "side": "buy"
}
{
  "type": "level",
  "time": "2017-09-27T07:01:27.977Z",
  "price": "289.36000000",
  "size": "0",
  "count": 1,
  "sequence": 270,
  "productId": "ETH-USD",
  "side": "buy"
}
{
  "type": "level",
  "time": "2017-09-27T07:01:28.218Z",
  "price": "290.13000000",
  "size": "194.01176905",
  "count": 1,
  "sequence": 271,
  "productId": "ETH-USD",
  "side": "sell"
}
{
  "type": "level",
  "time": "2017-09-27T07:01:28.260Z",
  "price": "288.01000000",
  "size": "27.15637052",
  "count": 1,
  "sequence": 272,
  "productId": "ETH-USD",
  "side": "buy"
}
{
  "type": "level",
  "time": "2017-09-27T07:01:28.278Z",
  "price": "291.92000000",
  "size": "20.06162315",
  "count": 1,
  "sequence": 273,
  "productId": "ETH-USD",
  "side": "sell"
}
{
  "type": "level",
  "time": "2017-09-27T07:01:28.609Z",
  "price": "288.82000000",
  "size": "4.07",
  "count": 1,
  "sequence": 274,
  "productId": "ETH-USD",
  "side": "buy"
}
{
  "type": "level",
  "time": "2017-09-27T07:01:28.789Z",
  "price": "290.24000000",
  "size": "0.6258",
  "count": 1,
  "sequence": 275,
  "productId": "ETH-USD",
  "side": "sell"
}
{
  "type": "level",
  "time": "2017-09-27T07:01:28.828Z",
  "price": "290.22000000",
  "size": "0.018919",
  "count": 1,
  "sequence": 276,
  "productId": "ETH-USD",
  "side": "sell"
}
{
  "type": "level",
  "time": "2017-09-27T07:01:28.849Z",
  "price": "289.44000000",
  "size": "0.01",
  "count": 1,
  "sequence": 277,
  "productId": "ETH-USD",
  "side": "buy"
}
{
  "type": "level",
  "time": "2017-09-27T07:01:28.852Z",
  "price": "289.37000000",
  "size": "0",
  "count": 1,
  "sequence": 278,
  "productId": "ETH-USD",
  "side": "buy"
}
{
  "type": "level",
  "time": "2017-09-27T07:01:28.855Z",
  "price": "292.24000000",
  "size": "60.34008137",
  "count": 1,
  "sequence": 279,
  "productId": "ETH-USD",
  "side": "sell"
}
{
  "type": "level",
  "time": "2017-09-27T07:01:28.862Z",
  "price": "292.16000000",
  "size": "0",
  "count": 1,
  "sequence": 280,
  "productId": "ETH-USD",
  "side": "sell"
}
{
  "type": "level",
  "time": "2017-09-27T07:01:28.863Z",
  "price": "292.22000000",
  "size": "0",
  "count": 1,
  "sequence": 281,
  "productId": "ETH-USD",
  "side": "sell"
}
{
  "type": "level",
  "time": "2017-09-27T07:01:28.865Z",
  "price": "292.24000000",
  "size": "7.28008137",
  "count": 1,
  "sequence": 282,
  "productId": "ETH-USD",
  "side": "sell"
}
{
  "type": "level",
  "time": "2017-09-27T07:01:28.868Z",
  "price": "292.25000000",
  "size": "2.50676585",
  "count": 1,
  "sequence": 283,
  "productId": "ETH-USD",
  "side": "sell"
}
{
  "type": "level",
  "time": "2017-09-27T07:01:28.869Z",
  "price": "289.58000000",
  "size": "6.93",
  "count": 1,
  "sequence": 284,
  "productId": "ETH-USD",
  "side": "buy"
}
{
  "type": "level",
  "time": "2017-09-27T07:01:28.869Z",
  "price": "289.47000000",
  "size": "51.85",
  "count": 1,
  "sequence": 285,
  "productId": "ETH-USD",
  "side": "buy"
}
{
  "type": "level",
  "time": "2017-09-27T07:01:28.878Z",
  "price": "289.49000000",
  "size": "57.37",
  "count": 1,
  "sequence": 286,
  "productId": "ETH-USD",
  "side": "buy"
}
{
  "type": "level",
  "time": "2017-09-27T07:01:28.884Z",
  "price": "289.51000000",
  "size": "56.45",
  "count": 1,
  "sequence": 287,
  "productId": "ETH-USD",
  "side": "buy"
}
{
  "type": "level",
  "time": "2017-09-27T07:01:28.885Z",
  "price": "289.95000000",
  "size": "0",
  "count": 1,
  "sequence": 288,
  "productId": "ETH-USD",
  "side": "buy"
}
{
  "type": "level",
  "time": "2017-09-27T07:01:28.925Z",
  "price": "293.11000000",
  "size": "5",
  "count": 1,
  "sequence": 289,
  "productId": "ETH-USD",
  "side": "sell"
}
{
  "type": "level",
  "time": "2017-09-27T07:01:28.929Z",
  "price": "290.27000000",
  "size": "0.018915",
  "count": 1,
  "sequence": 290,
  "productId": "ETH-USD",
  "side": "sell"
}
{
  "type": "level",
  "time": "2017-09-27T07:01:28.936Z",
  "price": "289.53000000",
  "size": "53.74588283",
  "count": 1,
  "sequence": 291,
  "productId": "ETH-USD",
  "side": "buy"
}
{
  "type": "level",
  "time": "2017-09-27T07:01:28.954Z",
  "price": "290.29000000",
  "size": "2.965488",
  "count": 1,
  "sequence": 292,
  "productId": "ETH-USD",
  "side": "sell"
}
{
  "type": "level",
  "time": "2017-09-27T07:01:28.955Z",
  "price": "289.96000000",
  "size": "0",
  "count": 1,
  "sequence": 293,
  "productId": "ETH-USD",
  "side": "buy"
}
{
  "type": "level",
  "time": "2017-09-27T07:01:28.970Z",
  "price": "290.37000000",
  "size": "0.04826916",
  "count": 1,
  "sequence": 294,
  "productId": "ETH-USD",
  "side": "sell"
}
{
  "type": "level",
  "time": "2017-09-27T07:01:28.972Z",
  "price": "290.31000000",
  "size": "2.968893",
  "count": 1,
  "sequence": 295,
  "productId": "ETH-USD",
  "side": "sell"
}
{
  "type": "level",
  "time": "2017-09-27T07:01:28.975Z",
  "price": "290.39000000",
  "size": "3",
  "count": 1,
  "sequence": 296,
  "productId": "ETH-USD",
  "side": "sell"
}
{
  "type": "level",
  "time": "2017-09-27T07:01:29.014Z",
  "price": "290.29000000",
  "size": "0.015488",
  "count": 1,
  "sequence": 297,
  "productId": "ETH-USD",
  "side": "sell"
}
{
  "type": "level",
  "time": "2017-09-27T07:01:29.045Z",
  "price": "291.92000000",
  "size": "0.06162315",
  "count": 1,
  "sequence": 298,
  "productId": "ETH-USD",
  "side": "sell"
}
{
  "type": "level",
  "time": "2017-09-27T07:01:29.050Z",
  "price": "289.96000000",
  "size": "0.87",
  "count": 1,
  "sequence": 299,
  "productId": "ETH-USD",
  "side": "buy"
}
{
  "type": "level",
  "time": "2017-09-27T07:01:29.051Z",
  "price": "290.06000000",
  "size": "0.03",
  "count": 1,
  "sequence": 300,
  "productId": "ETH-USD",
  "side": "buy"
}
{
  "type": "level",
  "time": "2017-09-27T07:01:29.056Z",
  "price": "290.31000000",
  "size": "0.018893",
  "count": 1,
  "sequence": 301,
  "productId": "ETH-USD",
  "side": "sell"
}
{
  "type": "level",
  "time": "2017-09-27T07:01:29.058Z",
  "price": "289.54000000",
  "size": "632.698436",
  "count": 1,
  "sequence": 302,
  "productId": "ETH-USD",
  "side": "buy"
}
{
  "type": "level",
  "time": "2017-09-27T07:01:29.077Z",
  "price": "290.30000000",
  "size": "3.010258",
  "count": 1,
  "sequence": 303,
  "productId": "ETH-USD",
  "side": "sell"
}
{
  "type": "level",
  "time": "2017-09-27T07:01:29.078Z",
  "price": "288.01000000",
  "size": "7.15637052",
  "count": 1,
  "sequence": 304,
  "productId": "ETH-USD",
  "side": "buy"
}
{
  "type": "level",
  "time": "2017-09-27T07:01:29.090Z",
  "price": "289.46000000",
  "size": "0.9595651",
  "count": 1,
  "sequence": 305,
  "productId": "ETH-USD",
  "side": "buy"
}
{
  "type": "level",
  "time": "2017-09-27T07:01:29.098Z",
  "price": "289.97000000",
  "size": "0.93",
  "count": 1,
  "sequence": 306,
  "productId": "ETH-USD",
  "side": "buy"
}
{
  "type": "level",
  "time": "2017-09-27T07:01:29.117Z",
  "price": "290.06000000",
  "size": "0",
  "count": 1,
  "sequence": 307,
  "productId": "ETH-USD",
  "side": "buy"
}
{
  "type": "level",
  "time": "2017-09-27T07:01:29.118Z",
  "price": "290.30000000",
  "size": "0.060258",
  "count": 1,
  "sequence": 308,
  "productId": "ETH-USD",
  "side": "sell"
}
{
  "type": "level",
  "time": "2017-09-27T07:01:29.127Z",
  "price": "290.29000000",
  "size": "2.965488",
  "count": 1,
  "sequence": 309,
  "productId": "ETH-USD",
  "side": "sell"
}
{
  "type": "level",
  "time": "2017-09-27T07:01:29.215Z",
  "price": "290.39000000",
  "size": "0",
  "count": 1,
  "sequence": 310,
  "productId": "ETH-USD",
  "side": "sell"
}
{
  "type": "level",
  "time": "2017-09-27T07:01:29.229Z",
  "price": "290.38000000",
  "size": "3",
  "count": 1,
  "sequence": 311,
  "productId": "ETH-USD",
  "side": "sell"
}
{
  "type": "level",
  "time": "2017-09-27T07:01:29.301Z",
  "price": "289.94000000",
  "size": "7.9",
  "count": 1,
  "sequence": 312,
  "productId": "ETH-USD",
  "side": "buy"
}
{
  "type": "level",
  "time": "2017-09-27T07:01:29.498Z",
  "price": "290.38000000",
  "size": "0",
  "count": 1,
  "sequence": 313,
  "productId": "ETH-USD",
  "side": "sell"
}
{
  "type": "level",
  "time": "2017-09-27T07:01:29.510Z",
  "price": "290.37000000",
  "size": "3.04826916",
  "count": 1,
  "sequence": 314,
  "productId": "ETH-USD",
  "side": "sell"
}
{
  "type": "level",
  "time": "2017-09-27T07:01:30.091Z",
  "price": "289.96000000",
  "size": "7.87",
  "count": 1,
  "sequence": 315,
  "productId": "ETH-USD",
  "side": "buy"
}
{
  "type": "level",
  "time": "2017-09-27T07:01:30.093Z",
  "price": "292.13000000",
  "size": "62.114035",
  "count": 1,
  "sequence": 316,
  "productId": "ETH-USD",
  "side": "sell"
}
{
  "type": "level",
  "time": "2017-09-27T07:01:30.093Z",
  "price": "292.21000000",
  "size": "51.31",
  "count": 1,
  "sequence": 317,
  "productId": "ETH-USD",
  "side": "sell"
}
{
  "type": "level",
  "time": "2017-09-27T07:01:30.093Z",
  "price": "292.18000000",
  "size": "52.16",
  "count": 1,
  "sequence": 318,
  "productId": "ETH-USD",
  "side": "sell"
}
{
  "type": "level",
  "time": "2017-09-27T07:01:30.093Z",
  "price": "292.12000000",
  "size": "59.94",
  "count": 1,
  "sequence": 319,
  "productId": "ETH-USD",
  "side": "sell"
}
{
  "type": "level",
  "time": "2017-09-27T07:01:30.093Z",
  "price": "292.19000000",
  "size": "58.46340438",
  "count": 1,
  "sequence": 320,
  "productId": "ETH-USD",
  "side": "sell"
}
{
  "type": "level",
  "time": "2017-09-27T07:01:30.094Z",
  "price": "292.23000000",
  "size": "48.99",
  "count": 1,
  "sequence": 321,
  "productId": "ETH-USD",
  "side": "sell"
}
{
  "type": "level",
  "time": "2017-09-27T07:01:30.094Z",
  "price": "292.15000000",
  "size": "51.0536",
  "count": 1,
  "sequence": 322,
  "productId": "ETH-USD",
  "side": "sell"
}
{
  "type": "level",
  "time": "2017-09-27T07:01:30.094Z",
  "price": "292.11000000",
  "size": "47.643",
  "count": 1,
  "sequence": 323,
  "productId": "ETH-USD",
  "side": "sell"
}
{
  "type": "level",
  "time": "2017-09-27T07:01:30.094Z",
  "price": "292.14000000",
  "size": "51.47",
  "count": 1,
  "sequence": 324,
  "productId": "ETH-USD",
  "side": "sell"
}
{
  "type": "level",
  "time": "2017-09-27T07:01:30.094Z",
  "price": "292.06000000",
  "size": "51.45",
  "count": 1,
  "sequence": 325,
  "productId": "ETH-USD",
  "side": "sell"
}
{
  "type": "level",
  "time": "2017-09-27T07:01:30.094Z",
  "price": "292.10000000",
  "size": "46.05",
  "count": 1,
  "sequence": 326,
  "productId": "ETH-USD",
  "side": "sell"
}
{
  "type": "level",
  "time": "2017-09-27T07:01:30.094Z",
  "price": "292.08000000",
  "size": "46.3",
  "count": 1,
  "sequence": 327,
  "productId": "ETH-USD",
  "side": "sell"
}
{
  "type": "level",
  "time": "2017-09-27T07:01:30.773Z",
  "price": "293.98000000",
  "size": "97.17395",
  "count": 1,
  "sequence": 328,
  "productId": "ETH-USD",
  "side": "sell"
}
{
  "type": "level",
  "time": "2017-09-27T07:01:30.791Z",
  "price": "290.29000000",
  "size": "0.015488",
  "count": 1,
  "sequence": 329,
  "productId": "ETH-USD",
  "side": "sell"
}
{
  "type": "level",
  "time": "2017-09-27T07:01:30.866Z",
  "price": "290.28000000",
  "size": "3.091253",
  "count": 1,
  "sequence": 330,
  "productId": "ETH-USD",
  "side": "sell"
}
{
  "type": "level",
  "time": "2017-09-27T07:01:30.987Z",
  "price": "289.53000000",
  "size": "0.07588283",
  "count": 1,
  "sequence": 331,
  "productId": "ETH-USD",
  "side": "buy"
}
{
  "type": "level",
  "time": "2017-09-27T07:01:30.990Z",
  "price": "289.51000000",
  "size": "0",
  "count": 1,
  "sequence": 332,
  "productId": "ETH-USD",
  "side": "buy"
}
{
  "type": "level",
  "time": "2017-09-27T07:01:31.032Z",
  "price": "289.49000000",
  "size": "0",
  "count": 1,
  "sequence": 333,
  "productId": "ETH-USD",
  "side": "buy"
}
{
  "type": "level",
  "time": "2017-09-27T07:01:31.032Z",
  "price": "289.47000000",
  "size": "0",
  "count": 1,
  "sequence": 334,
  "productId": "ETH-USD",
  "side": "buy"
}
{
  "type": "level",
  "time": "2017-09-27T07:01:31.032Z",
  "price": "292.08000000",
  "size": "0",
  "count": 1,
  "sequence": 335,
  "productId": "ETH-USD",
  "side": "sell"
}
{
  "type": "level",
  "time": "2017-09-27T07:01:31.032Z",
  "price": "292.10000000",
  "size": "0.21",
  "count": 1,
  "sequence": 336,
  "productId": "ETH-USD",
  "side": "sell"
}
{
  "type": "level",
  "time": "2017-09-27T07:01:31.032Z",
  "price": "292.06000000",
  "size": "0",
  "count": 1,
  "sequence": 337,
  "productId": "ETH-USD",
  "side": "sell"
}
{
  "type": "level",
  "time": "2017-09-27T07:01:31.033Z",
  "price": "289.55000000",
  "size": "57.1",
  "count": 1,
  "sequence": 338,
  "productId": "ETH-USD",
  "side": "buy"
}
{
  "type": "level",
  "time": "2017-09-27T07:01:31.033Z",
  "price": "289.59000000",
  "size": "53.32",
  "count": 1,
  "sequence": 339,
  "productId": "ETH-USD",
  "side": "buy"
}
{
  "type": "level",
  "time": "2017-09-27T07:01:31.036Z",
  "price": "292.25000000",
  "size": "58.76676585",
  "count": 1,
  "sequence": 340,
  "productId": "ETH-USD",
  "side": "sell"
}
{
  "type": "level",
  "time": "2017-09-27T07:01:31.047Z",
  "price": "289.58000000",
  "size": "59.43",
  "count": 1,
  "sequence": 341,
  "productId": "ETH-USD",
  "side": "buy"
}
{
  "type": "level",
  "time": "2017-09-27T07:01:31.049Z",
  "price": "289.56000000",
  "size": "69.586632",
  "count": 1,
  "sequence": 342,
  "productId": "ETH-USD",
  "side": "buy"
}
{
  "type": "level",
  "time": "2017-09-27T07:01:31.064Z",
  "price": "292.24000000",
  "size": "53.34008137",
  "count": 1,
  "sequence": 343,
  "productId": "ETH-USD",
  "side": "sell"
}
{
  "type": "level",
  "time": "2017-09-27T07:01:31.071Z",
  "price": "289.54000000",
  "size": "0",
  "count": 1,
  "sequence": 344,
  "productId": "ETH-USD",
  "side": "buy"
}
{
  "type": "level",
  "time": "2017-09-27T07:01:31.162Z",
  "price": "289.96000000",
  "size": "0.87",
  "count": 1,
  "sequence": 345,
  "productId": "ETH-USD",
  "side": "buy"
}
{
  "type": "level",
  "time": "2017-09-27T07:01:31.268Z",
  "price": "289.97000000",
  "size": "7.33",
  "count": 1,
  "sequence": 346,
  "productId": "ETH-USD",
  "side": "buy"
}
{
  "type": "level",
  "time": "2017-09-27T07:01:31.322Z",
  "price": "291.82000000",
  "size": "20.05174474",
  "count": 1,
  "sequence": 347,
  "productId": "ETH-USD",
  "side": "sell"
}
{
  "type": "level",
  "time": "2017-09-27T07:01:31.508Z",
  "price": "287.91000000",
  "size": "20.10548298",
  "count": 1,
  "sequence": 348,
  "productId": "ETH-USD",
  "side": "buy"
}
{
  "type": "level",
  "time": "2017-09-27T07:01:32.139Z",
  "price": "293.98000000",
  "size": "0",
  "count": 1,
  "sequence": 349,
  "productId": "ETH-USD",
  "side": "sell"
}
{
  "type": "level",
  "time": "2017-09-27T07:01:32.140Z",
  "price": "292.11000000",
  "size": "0.033",
  "count": 1,
  "sequence": 350,
  "productId": "ETH-USD",
  "side": "sell"
}
{
  "type": "level",
  "time": "2017-09-27T07:01:32.141Z",
  "price": "292.15000000",
  "size": "1.9736",
  "count": 1,
  "sequence": 351,
  "productId": "ETH-USD",
  "side": "sell"
}
{
  "type": "level",
  "time": "2017-09-27T07:01:32.141Z",
  "price": "292.14000000",
  "size": "0.06",
  "count": 1,
  "sequence": 352,
  "productId": "ETH-USD",
  "side": "sell"
}
{
  "type": "level",
  "time": "2017-09-27T07:01:32.141Z",
  "price": "292.19000000",
  "size": "10.10340438",
  "count": 1,
  "sequence": 353,
  "productId": "ETH-USD",
  "side": "sell"
}
{
  "type": "level",
  "time": "2017-09-27T07:01:32.142Z",
  "price": "292.12000000",
  "size": "5.9",
  "count": 1,
  "sequence": 354,
  "productId": "ETH-USD",
  "side": "sell"
}
{
  "type": "level",
  "time": "2017-09-27T07:01:32.142Z",
  "price": "292.18000000",
  "size": "0",
  "count": 1,
  "sequence": 355,
  "productId": "ETH-USD",
  "side": "sell"
}
{
  "type": "level",
  "time": "2017-09-27T07:01:32.142Z",
  "price": "292.17000000",
  "size": "50.47",
  "count": 1,
  "sequence": 356,
  "productId": "ETH-USD",
  "side": "sell"
}
{
  "type": "level",
  "time": "2017-09-27T07:01:32.148Z",
  "price": "292.20000000",
  "size": "51.21",
  "count": 1,
  "sequence": 357,
  "productId": "ETH-USD",
  "side": "sell"
}
{
  "type": "level",
  "time": "2017-09-27T07:01:32.150Z",
  "price": "291.99000000",
  "size": "60.78388727",
  "count": 1,
  "sequence": 358,
  "productId": "ETH-USD",
  "side": "sell"
}
{
  "type": "level",
  "time": "2017-09-27T07:01:32.150Z",
  "price": "292.05000000",
  "size": "53.15",
  "count": 1,
  "sequence": 359,
  "productId": "ETH-USD",
  "side": "sell"
}
{
  "type": "level",
  "time": "2017-09-27T07:01:32.150Z",
  "price": "292.09000000",
  "size": "51.02340438",
  "count": 1,
  "sequence": 360,
  "productId": "ETH-USD",
  "side": "sell"
}
{
  "type": "level",
  "time": "2017-09-27T07:01:32.151Z",
  "price": "291.99000000",
  "size": "113.44388727",
  "count": 1,
  "sequence": 361,
  "productId": "ETH-USD",
  "side": "sell"
}
{
  "type": "level",
  "time": "2017-09-27T07:01:32.509Z",
  "price": "287.91000000",
  "size": "0.10548298",
  "count": 1,
  "sequence": 362,
  "productId": "ETH-USD",
  "side": "buy"
}
{
  "type": "level",
  "time": "2017-09-27T07:01:32.568Z",
  "price": "291.82000000",
  "size": "0.05174474",
  "count": 1,
  "sequence": 363,
  "productId": "ETH-USD",
  "side": "sell"
}
{
  "type": "level",
  "time": "2017-09-27T07:01:33.265Z",
  "price": "292.23000000",
  "size": "0.05",
  "count": 1,
  "sequence": 364,
  "productId": "ETH-USD",
  "side": "sell"
}
{
  "type": "level",
  "time": "2017-09-27T07:01:33.267Z",
  "price": "292.13000000",
  "size": "5.614035",
  "count": 1,
  "sequence": 365,
  "productId": "ETH-USD",
  "side": "sell"
}
{
  "type": "level",
  "time": "2017-09-27T07:01:33.268Z",
  "price": "292.21000000",
  "size": "0",
  "count": 1,
  "sequence": 366,
  "productId": "ETH-USD",
  "side": "sell"
}
{
  "type": "level",
  "time": "2017-09-27T07:01:33.268Z",
  "price": "292.03000000",
  "size": "48.54274324",
  "count": 1,
  "sequence": 367,
  "productId": "ETH-USD",
  "side": "sell"
}
{
  "type": "level",
  "time": "2017-09-27T07:01:33.268Z",
  "price": "292.02000000",
  "size": "48.68",
  "count": 1,
  "sequence": 368,
  "productId": "ETH-USD",
  "side": "sell"
}
{
  "type": "level",
  "time": "2017-09-27T07:01:33.268Z",
  "price": "290.12000000",
  "size": "49.00869383",
  "count": 1,
  "sequence": 369,
  "productId": "ETH-USD",
  "side": "buy"
}
{
  "type": "level",
  "time": "2017-09-27T07:01:33.268Z",
  "price": "292.00000000",
  "size": "92.00943796",
  "count": 1,
  "sequence": 370,
  "productId": "ETH-USD",
  "side": "sell"
}
{
  "type": "level",
  "time": "2017-09-27T07:01:33.268Z",
  "price": "292.07000000",
  "size": "43.21",
  "count": 1,
  "sequence": 371,
  "productId": "ETH-USD",
  "side": "sell"
}
{
  "type": "level",
  "time": "2017-09-27T07:01:33.268Z",
  "price": "289.55000000",
  "size": "0",
  "count": 1,
  "sequence": 372,
  "productId": "ETH-USD",
  "side": "buy"
}
{
  "type": "level",
  "time": "2017-09-27T07:01:33.274Z",
  "price": "288.55000000",
  "size": "54.21",
  "count": 1,
  "sequence": 373,
  "productId": "ETH-USD",
  "side": "buy"
}
{
  "type": "level",
  "time": "2017-09-27T07:01:33.274Z",
  "price": "289.57000000",
  "size": "56.86",
  "count": 1,
  "sequence": 374,
  "productId": "ETH-USD",
  "side": "buy"
}
{
  "type": "level",
  "time": "2017-09-27T07:01:33.274Z",
  "price": "288.64000000",
  "size": "53.92",
  "count": 1,
  "sequence": 375,
  "productId": "ETH-USD",
  "side": "buy"
}
{
  "type": "level",
  "time": "2017-09-27T07:01:33.275Z",
  "price": "288.60000000",
  "size": "54.94",
  "count": 1,
  "sequence": 376,
  "productId": "ETH-USD",
  "side": "buy"
}
{
  "type": "level",
  "time": "2017-09-27T07:01:33.275Z",
  "price": "289.36000000",
  "size": "640.629338",
  "count": 1,
  "sequence": 377,
  "productId": "ETH-USD",
  "side": "buy"
}
{
  "type": "level",
  "time": "2017-09-27T07:01:33.275Z",
  "price": "289.56000000",
  "size": "0",
  "count": 1,
  "sequence": 378,
  "productId": "ETH-USD",
  "side": "buy"
}
{
  "type": "level",
  "time": "2017-09-27T07:01:33.316Z",
  "price": "289.21000000",
  "size": "640.73513931",
  "count": 1,
  "sequence": 379,
  "productId": "ETH-USD",
  "side": "buy"
}
{
  "type": "level",
  "time": "2017-09-27T07:01:33.358Z",
  "price": "289.36000000",
  "size": "0",
  "count": 1,
  "sequence": 380,
  "productId": "ETH-USD",
  "side": "buy"
}
{
  "type": "level",
  "time": "2017-09-27T07:01:33.706Z",
  "price": "290.41000000",
  "size": "0",
  "count": 1,
  "sequence": 381,
  "productId": "ETH-USD",
  "side": "sell"
}
{
  "type": "level",
  "time": "2017-09-27T07:01:34.023Z",
  "price": "289.97000000",
  "size": "6.4",
  "count": 1,
  "sequence": 382,
  "productId": "ETH-USD",
  "side": "buy"
}
{
  "type": "level",
  "time": "2017-09-27T07:01:34.150Z",
  "price": "290.40000000",
  "size": "0",
  "count": 1,
  "sequence": 383,
  "productId": "ETH-USD",
  "side": "sell"
}
{
  "type": "level",
  "time": "2017-09-27T07:01:34.159Z",
  "price": "292.07000000",
  "size": "0.1",
  "count": 1,
  "sequence": 384,
  "productId": "ETH-USD",
  "side": "sell"
}
{
  "type": "level",
  "time": "2017-09-27T07:01:34.164Z",
  "price": "292.02000000",
  "size": "0",
  "count": 1,
  "sequence": 386,
  "productId": "ETH-USD",
  "side": "sell"
}
{
  "type": "level",
  "time": "2017-09-27T07:01:34.163Z",
  "price": "292.00000000",
  "size": "42.62943796",
  "count": 1,
  "sequence": 385,
  "productId": "ETH-USD",
  "side": "sell"
}
{
  "type": "level",
  "time": "2017-09-27T07:01:34.164Z",
  "price": "292.03000000",
  "size": "0.10274324",
  "count": 1,
  "sequence": 387,
  "productId": "ETH-USD",
  "side": "sell"
}
{
  "type": "level",
  "time": "2017-09-27T07:01:34.164Z",
  "price": "291.99000000",
  "size": "60.78388727",
  "count": 1,
  "sequence": 388,
  "productId": "ETH-USD",
  "side": "sell"
}
{
  "type": "level",
  "time": "2017-09-27T07:01:34.164Z",
  "price": "291.99000000",
  "size": "2.47388727",
  "count": 1,
  "sequence": 389,
  "productId": "ETH-USD",
  "side": "sell"
}
{
  "type": "level",
  "time": "2017-09-27T07:01:34.166Z",
  "price": "288.61000000",
  "size": "50.79547531",
  "count": 1,
  "sequence": 390,
  "productId": "ETH-USD",
  "side": "buy"
}
{
  "type": "level",
  "time": "2017-09-27T07:01:34.176Z",
  "price": "290.84000000",
  "size": "25.377",
  "count": 1,
  "sequence": 391,
  "productId": "ETH-USD",
  "side": "sell"
}
{
  "type": "level",
  "time": "2017-09-27T07:01:34.193Z",
  "price": "292.05000000",
  "size": "0",
  "count": 1,
  "sequence": 392,
  "productId": "ETH-USD",
  "side": "sell"
}
{
  "type": "level",
  "time": "2017-09-27T07:01:34.221Z",
  "price": "292.09000000",
  "size": "0.13340438",
  "count": 1,
  "sequence": 393,
  "productId": "ETH-USD",
  "side": "sell"
}
{
  "type": "level",
  "time": "2017-09-27T07:01:34.221Z",
  "price": "292.20000000",
  "size": "4",
  "count": 1,
  "sequence": 394,
  "productId": "ETH-USD",
  "side": "sell"
}
{
  "type": "level",
  "time": "2017-09-27T07:01:34.221Z",
  "price": "292.17000000",
  "size": "0.13",
  "count": 1,
  "sequence": 395,
  "productId": "ETH-USD",
  "side": "sell"
}
{
  "type": "level",
  "time": "2017-09-27T07:01:34.222Z",
  "price": "292.24000000",
  "size": "7.28008137",
  "count": 1,
  "sequence": 396,
  "productId": "ETH-USD",
  "side": "sell"
}
{
  "type": "level",
  "time": "2017-09-27T07:01:34.224Z",
  "price": "290.27000000",
  "size": "2.958915",
  "count": 1,
  "sequence": 397,
  "productId": "ETH-USD",
  "side": "sell"
}
{
  "type": "level",
  "time": "2017-09-27T07:01:34.243Z",
  "price": "290.28000000",
  "size": "0.141253",
  "count": 1,
  "sequence": 398,
  "productId": "ETH-USD",
  "side": "sell"
}
{
  "type": "level",
  "time": "2017-09-27T07:01:34.264Z",
  "price": "290.83000000",
  "size": "140.35581059",
  "count": 1,
  "sequence": 399,
  "productId": "ETH-USD",
  "side": "sell"
}
{
  "type": "level",
  "time": "2017-09-27T07:01:34.310Z",
  "price": "291.17000000",
  "size": "40",
  "count": 1,
  "sequence": 400,
  "productId": "ETH-USD",
  "side": "sell"
}
{
  "type": "level",
  "time": "2017-09-27T07:01:34.325Z",
  "price": "291.17000000",
  "size": "0",
  "count": 1,
  "sequence": 401,
  "productId": "ETH-USD",
  "side": "sell"
}
{
  "type": "level",
  "time": "2017-09-27T07:01:34.335Z",
  "price": "287.95000000",
  "size": "20.10472825",
  "count": 1,
  "sequence": 402,
  "productId": "ETH-USD",
  "side": "buy"
}
{
  "type": "level",
  "time": "2017-09-27T07:01:34.343Z",
  "price": "290.83000000",
  "size": "180.35581059",
  "count": 1,
  "sequence": 403,
  "productId": "ETH-USD",
  "side": "sell"
}
{
  "type": "level",
  "time": "2017-09-27T07:01:34.384Z",
  "price": "291.17000000",
  "size": "40",
  "count": 1,
  "sequence": 404,
  "productId": "ETH-USD",
  "side": "sell"
}
{
  "type": "level",
  "time": "2017-09-27T07:01:34.389Z",
  "price": "291.86000000",
  "size": "20",
  "count": 1,
  "sequence": 405,
  "productId": "ETH-USD",
  "side": "sell"
}
{
  "type": "level",
  "time": "2017-09-27T07:01:34.427Z",
  "price": "290.27000000",
  "size": "0.018915",
  "count": 1,
  "sequence": 406,
  "productId": "ETH-USD",
  "side": "sell"
}
{
  "type": "level",
  "time": "2017-09-27T07:01:34.428Z",
  "price": "289.96000000",
  "size": "0",
  "count": 1,
  "sequence": 407,
  "productId": "ETH-USD",
  "side": "buy"
}
{
  "type": "level",
  "time": "2017-09-27T07:01:34.436Z",
  "price": "290.83000000",
  "size": "140.35581059",
  "count": 1,
  "sequence": 408,
  "productId": "ETH-USD",
  "side": "sell"
}
{
  "type": "level",
  "time": "2017-09-27T07:01:34.447Z",
  "price": "289.94000000",
  "size": "8.52",
  "count": 1,
  "sequence": 409,
  "productId": "ETH-USD",
  "side": "buy"
}
{
  "type": "level",
  "time": "2017-09-27T07:01:34.464Z",
  "price": "290.37000000",
  "size": "0.04826916",
  "count": 1,
  "sequence": 410,
  "productId": "ETH-USD",
  "side": "sell"
}
{
  "type": "level",
  "time": "2017-09-27T07:01:34.479Z",
  "price": "290.52000000",
  "size": "3.5",
  "count": 1,
  "sequence": 411,
  "productId": "ETH-USD",
  "side": "sell"
}
{
  "type": "level",
  "time": "2017-09-27T07:01:34.481Z",
  "price": "290.25000000",
  "size": "3.121283",
  "count": 1,
  "sequence": 412,
  "productId": "ETH-USD",
  "side": "sell"
}
{
  "type": "level",
  "time": "2017-09-27T07:01:34.619Z",
  "price": "290.25000000",
  "size": "0.151283",
  "count": 1,
  "sequence": 413,
  "productId": "ETH-USD",
  "side": "sell"
}
{
  "type": "level",
  "time": "2017-09-27T07:01:34.629Z",
  "price": "290.24000000",
  "size": "3.5958",
  "count": 1,
  "sequence": 414,
  "productId": "ETH-USD",
  "side": "sell"
}
{
  "type": "level",
  "time": "2017-09-27T07:01:34.734Z",
  "price": "290.82000000",
  "size": "40",
  "count": 1,
  "sequence": 415,
  "productId": "ETH-USD",
  "side": "sell"
}
{
  "type": "level",
  "time": "2017-09-27T07:01:34.734Z",
  "price": "291.17000000",
  "size": "0",
  "count": 1,
  "sequence": 416,
  "productId": "ETH-USD",
  "side": "sell"
}
{
  "type": "level",
  "time": "2017-09-27T07:01:34.747Z",
  "price": "290.51000000",
  "size": "3",
  "count": 1,
  "sequence": 417,
  "productId": "ETH-USD",
  "side": "sell"
}
{
  "type": "level",
  "time": "2017-09-27T07:01:34.747Z",
  "price": "290.52000000",
  "size": "0.5",
  "count": 1,
  "sequence": 418,
  "productId": "ETH-USD",
  "side": "sell"
}
{
  "type": "level",
  "time": "2017-09-27T07:01:34.747Z",
  "price": "290.51000000",
  "size": "0",
  "count": 1,
  "sequence": 419,
  "productId": "ETH-USD",
  "side": "sell"
}
{
  "type": "level",
  "time": "2017-09-27T07:01:34.794Z",
  "price": "290.51000000",
  "size": "3",
  "count": 1,
  "sequence": 420,
  "productId": "ETH-USD",
  "side": "sell"
}
{
  "type": "level",
  "time": "2017-09-27T07:01:34.795Z",
  "price": "290.25000000",
  "size": "0.1358",
  "count": 1,
  "sequence": 421,
  "productId": "ETH-USD",
  "side": "sell"
}
{
  "type": "level",
  "time": "2017-09-27T07:01:34.819Z",
  "price": "290.81000000",
  "size": "138.081548",
  "count": 1,
  "sequence": 422,
  "productId": "ETH-USD",
  "side": "sell"
}
{
  "type": "level",
  "time": "2017-09-27T07:01:34.868Z",
  "price": "290.83000000",
  "size": "2.27344359",
  "count": 1,
  "sequence": 423,
  "productId": "ETH-USD",
  "side": "sell"
}
{
  "type": "level",
  "time": "2017-09-27T07:01:34.896Z",
  "price": "290.16000000",
  "size": "0.015456",
  "count": 1,
  "sequence": 424,
  "productId": "ETH-USD",
  "side": "sell"
}
{
  "type": "level",
  "time": "2017-09-27T07:01:34.898Z",
  "price": "291.86000000",
  "size": "0",
  "count": 1,
  "sequence": 425,
  "productId": "ETH-USD",
  "side": "sell"
}
{
  "type": "level",
  "time": "2017-09-27T07:01:34.965Z",
  "price": "287.95000000",
  "size": "0.10472825",
  "count": 1,
  "sequence": 426,
  "productId": "ETH-USD",
  "side": "buy"
}
{
  "type": "level",
  "time": "2017-09-27T07:01:34.974Z",
  "price": "290.51000000",
  "size": "0",
  "count": 1,
  "sequence": 427,
  "productId": "ETH-USD",
  "side": "sell"
}
{
  "type": "level",
  "time": "2017-09-27T07:01:34.983Z",
  "price": "290.50000000",
  "size": "3.01",
  "count": 1,
  "sequence": 428,
  "productId": "ETH-USD",
  "side": "sell"
}
{
  "type": "level",
  "time": "2017-09-27T07:01:35.072Z",
  "price": "290.82000000",
  "size": "0",
  "count": 1,
  "sequence": 429,
  "productId": "ETH-USD",
  "side": "sell"
}
{
  "type": "level",
  "time": "2017-09-27T07:01:35.099Z",
  "price": "290.80000000",
  "size": "40",
  "count": 1,
  "sequence": 430,
  "productId": "ETH-USD",
  "side": "sell"
}
{
  "type": "level",
  "time": "2017-09-27T07:01:35.150Z",
  "price": "290.77000000",
  "size": "138.079908",
  "count": 1,
  "sequence": 431,
  "productId": "ETH-USD",
  "side": "sell"
}
{
  "type": "level",
  "time": "2017-09-27T07:01:35.175Z",
  "price": "292.25000000",
  "size": "2.50676585",
  "count": 1,
  "sequence": 432,
  "productId": "ETH-USD",
  "side": "sell"
}
{
  "type": "level",
  "time": "2017-09-27T07:01:35.175Z",
  "price": "289.59000000",
  "size": "0",
  "count": 1,
  "sequence": 433,
  "productId": "ETH-USD",
  "side": "buy"
}
{
  "type": "level",
  "time": "2017-09-27T07:01:35.203Z",
  "price": "289.58000000",
  "size": "6.93",
  "count": 1,
  "sequence": 434,
  "productId": "ETH-USD",
  "side": "buy"
}
{
  "type": "level",
  "time": "2017-09-27T07:01:35.220Z",
  "price": "290.81000000",
  "size": "0",
  "count": 1,
  "sequence": 435,
  "productId": "ETH-USD",
  "side": "sell"
}
{
  "type": "level",
  "time": "2017-09-27T07:01:35.248Z",
  "price": "290.50000000",
  "size": "0.01",
  "count": 1,
  "sequence": 436,
  "productId": "ETH-USD",
  "side": "sell"
}
{
  "type": "level",
  "time": "2017-09-27T07:01:35.273Z",
  "price": "288.63000000",
  "size": "65.50334234",
  "count": 1,
  "sequence": 437,
  "productId": "ETH-USD",
  "side": "buy"
}
{
  "type": "level",
  "time": "2017-09-27T07:01:35.273Z",
  "price": "290.49000000",
  "size": "3",
  "count": 1,
  "sequence": 438,
  "productId": "ETH-USD",
  "side": "sell"
}
{
  "type": "level",
  "time": "2017-09-27T07:01:35.273Z",
  "price": "288.59000000",
  "size": "48.16",
  "count": 1,
  "sequence": 439,
  "productId": "ETH-USD",
  "side": "buy"
}
{
  "type": "level",
  "time": "2017-09-27T07:01:35.273Z",
  "price": "292.16000000",
  "size": "52.72",
  "count": 1,
  "sequence": 440,
  "productId": "ETH-USD",
  "side": "sell"
}
{
  "type": "level",
  "time": "2017-09-27T07:01:35.366Z",
  "price": "292.12000000",
  "size": "63.96",
  "count": 1,
  "sequence": 441,
  "productId": "ETH-USD",
  "side": "sell"
}
{
  "type": "level",
  "time": "2017-09-27T07:01:35.366Z",
  "price": "292.19000000",
  "size": "65.01340438",
  "count": 1,
  "sequence": 442,
  "productId": "ETH-USD",
  "side": "sell"
}
{
  "type": "level",
  "time": "2017-09-27T07:01:35.382Z",
  "price": "292.16000000",
  "size": "107.47",
  "count": 1,
  "sequence": 443,
  "productId": "ETH-USD",
  "side": "sell"
}
{
  "type": "level",
  "time": "2017-09-27T07:01:35.382Z",
  "price": "289.36000000",
  "size": "640.629338",
  "count": 1,
  "sequence": 444,
  "productId": "ETH-USD",
  "side": "buy"
}
{
  "type": "level",
  "time": "2017-09-27T07:01:35.391Z",
  "price": "292.23000000",
  "size": "52.34",
  "count": 1,
  "sequence": 445,
  "productId": "ETH-USD",
  "side": "sell"
}
{
  "type": "level",
  "time": "2017-09-27T07:01:35.425Z",
  "price": "292.23000000",
  "size": "102.11",
  "count": 1,
  "sequence": 446,
  "productId": "ETH-USD",
  "side": "sell"
}
{
  "type": "level",
  "time": "2017-09-27T07:01:35.425Z",
  "price": "288.62000000",
  "size": "44.87",
  "count": 1,
  "sequence": 447,
  "productId": "ETH-USD",
  "side": "buy"
}
{
  "type": "level",
  "time": "2017-09-27T07:01:35.457Z",
  "price": "289.97000000",
  "size": "0",
  "count": 1,
  "sequence": 448,
  "productId": "ETH-USD",
  "side": "buy"
}
{
  "type": "level",
  "time": "2017-09-27T07:01:35.459Z",
  "price": "290.49000000",
  "size": "0",
  "count": 1,
  "sequence": 449,
  "productId": "ETH-USD",
  "side": "sell"
}
{
  "type": "level",
  "time": "2017-09-27T07:01:35.467Z",
  "price": "290.48000000",
  "size": "3",
  "count": 1,
  "sequence": 450,
  "productId": "ETH-USD",
  "side": "sell"
}
{
  "type": "level",
  "time": "2017-09-27T07:01:35.498Z",
  "price": "290.76000000",
  "size": "40.0484436",
  "count": 1,
  "sequence": 451,
  "productId": "ETH-USD",
  "side": "sell"
}
{
  "type": "level",
  "time": "2017-09-27T07:01:35.565Z",
  "price": "290.44000000",
  "size": "13.90640545",
  "count": 1,
  "sequence": 452,
  "productId": "ETH-USD",
  "side": "sell"
}
{
  "type": "level",
  "time": "2017-09-27T07:01:35.565Z",
  "price": "290.75000000",
  "size": "138.089088",
  "count": 1,
  "sequence": 453,
  "productId": "ETH-USD",
  "side": "sell"
}
{
  "type": "level",
  "time": "2017-09-27T07:01:35.565Z",
  "price": "289.94000000",
  "size": "15.52",
  "count": 1,
  "sequence": 454,
  "productId": "ETH-USD",
  "side": "buy"
}
{
  "type": "level",
  "time": "2017-09-27T07:01:35.568Z",
  "price": "289.21000000",
  "size": "0.10547531",
  "count": 1,
  "sequence": 455,
  "productId": "ETH-USD",
  "side": "buy"
}
{
  "type": "level",
  "time": "2017-09-27T07:01:35.585Z",
  "price": "288.99000000",
  "size": "102.076172",
  "count": 1,
  "sequence": 456,
  "productId": "ETH-USD",
  "side": "buy"
}
{
  "type": "level",
  "time": "2017-09-27T07:01:35.632Z",
  "price": "290.77000000",
  "size": "0",
  "count": 1,
  "sequence": 457,
  "productId": "ETH-USD",
  "side": "sell"
}
{
  "type": "level",
  "time": "2017-09-27T07:01:35.651Z",
  "price": "290.80000000",
  "size": "0",
  "count": 1,
  "sequence": 458,
  "productId": "ETH-USD",
  "side": "sell"
}
{
  "type": "level",
  "time": "2017-09-27T07:01:35.716Z",
  "price": "290.48000000",
  "size": "0",
  "count": 1,
  "sequence": 459,
  "productId": "ETH-USD",
  "side": "sell"
}
{
  "type": "level",
  "time": "2017-09-27T07:01:35.729Z",
  "price": "290.43000000",
  "size": "3",
  "count": 1,
  "sequence": 460,
  "productId": "ETH-USD",
  "side": "sell"
}
{
  "type": "level",
  "time": "2017-09-27T07:01:35.824Z",
  "price": "290.76000000",
  "size": "0.0484436",
  "count": 1,
  "sequence": 461,
  "productId": "ETH-USD",
  "side": "sell"
}
{
  "type": "level",
  "time": "2017-09-27T07:01:35.939Z",
  "price": "290.74000000",
  "size": "40",
  "count": 1,
  "sequence": 462,
  "productId": "ETH-USD",
  "side": "sell"
}
{
  "type": "level",
  "time": "2017-09-27T07:01:35.966Z",
  "price": "290.43000000",
  "size": "0",
  "count": 1,
  "sequence": 463,
  "productId": "ETH-USD",
  "side": "sell"
}
{
  "type": "level",
  "time": "2017-09-27T07:01:35.985Z",
  "price": "290.42000000",
  "size": "3",
  "count": 1,
  "sequence": 464,
  "productId": "ETH-USD",
  "side": "sell"
}
{
  "type": "level",
  "time": "2017-09-27T07:01:36.087Z",
  "price": "290.27000000",
  "size": "0",
  "count": 1,
  "sequence": 465,
  "productId": "ETH-USD",
  "side": "sell"
}
{
  "type": "level",
  "time": "2017-09-27T07:01:36.156Z",
  "price": "290.84000000",
  "size": "0",
  "count": 1,
  "sequence": 466,
  "productId": "ETH-USD",
  "side": "sell"
}
{
  "type": "level",
  "time": "2017-09-27T07:01:36.217Z",
  "price": "290.42000000",
  "size": "0",
  "count": 1,
  "sequence": 467,
  "productId": "ETH-USD",
  "side": "sell"
}
{
  "type": "level",
  "time": "2017-09-27T07:01:36.300Z",
  "price": "290.41000000",
  "size": "3",
  "count": 1,
  "sequence": 468,
  "productId": "ETH-USD",
  "side": "sell"
}
{
  "type": "level",
  "time": "2017-09-27T07:01:36.302Z",
  "price": "293.88000000",
  "size": "89.18782",
  "count": 1,
  "sequence": 469,
  "productId": "ETH-USD",
  "side": "sell"
}
{
  "type": "level",
  "time": "2017-09-27T07:01:36.315Z",
  "price": "290.43000000",
  "size": "18.132",
  "count": 1,
  "sequence": 470,
  "productId": "ETH-USD",
  "side": "sell"
}
{
  "type": "level",
  "time": "2017-09-27T07:01:36.318Z",
  "price": "290.73000000",
  "size": "138.081708",
  "count": 1,
  "sequence": 471,
  "productId": "ETH-USD",
  "side": "sell"
}
{
  "type": "level",
  "time": "2017-09-27T07:01:36.336Z",
  "price": "290.75000000",
  "size": "0.01",
  "count": 1,
  "sequence": 472,
  "productId": "ETH-USD",
  "side": "sell"
}
{
  "type": "level",
  "time": "2017-09-27T07:01:36.367Z",
  "price": "290.23000000",
  "size": "1.498073",
  "count": 1,
  "sequence": 473,
  "productId": "ETH-USD",
  "side": "sell"
}
{
  "type": "level",
  "time": "2017-09-27T07:01:36.455Z",
  "price": "292.13000000",
  "size": "55.814035",
  "count": 1,
  "sequence": 474,
  "productId": "ETH-USD",
  "side": "sell"
}
{
  "type": "level",
  "time": "2017-09-27T07:01:36.479Z",
  "price": "290.41000000",
  "size": "0",
  "count": 1,
  "sequence": 475,
  "productId": "ETH-USD",
  "side": "sell"
}
{
  "type": "level",
  "time": "2017-09-27T07:01:36.487Z",
  "price": "292.78000000",
  "size": "6.473",
  "count": 1,
  "sequence": 476,
  "productId": "ETH-USD",
  "side": "sell"
}
{
  "type": "level",
  "time": "2017-09-27T07:01:36.494Z",
  "price": "290.40000000",
  "size": "3",
  "count": 1,
  "sequence": 477,
  "productId": "ETH-USD",
  "side": "sell"
}
{
  "type": "level",
  "time": "2017-09-27T07:01:36.531Z",
  "price": "292.13000000",
  "size": "110.284035",
  "count": 1,
  "sequence": 478,
  "productId": "ETH-USD",
  "side": "sell"
}
{
  "type": "level",
  "time": "2017-09-27T07:01:36.531Z",
  "price": "292.12000000",
  "size": "115.23",
  "count": 1,
  "sequence": 479,
  "productId": "ETH-USD",
  "side": "sell"
}
{
  "type": "level",
  "time": "2017-09-27T07:01:36.540Z",
  "price": "292.14000000",
  "size": "52.58",
  "count": 1,
  "sequence": 480,
  "productId": "ETH-USD",
  "side": "sell"
}
{
  "type": "level",
  "time": "2017-09-27T07:01:36.543Z",
  "price": "292.11000000",
  "size": "49.483",
  "count": 1,
  "sequence": 481,
  "productId": "ETH-USD",
  "side": "sell"
}
{
  "type": "level",
  "time": "2017-09-27T07:01:36.552Z",
  "price": "292.11000000",
  "size": "95.583",
  "count": 1,
  "sequence": 482,
  "productId": "ETH-USD",
  "side": "sell"
}
{
  "type": "level",
  "time": "2017-09-27T07:01:36.593Z",
  "price": "292.14000000",
  "size": "106.29",
  "count": 1,
  "sequence": 483,
  "productId": "ETH-USD",
  "side": "sell"
}
{
  "type": "level",
  "time": "2017-09-27T07:01:36.692Z",
  "price": "289.46000000",
  "size": "10.7139531",
  "count": 1,
  "sequence": 484,
  "productId": "ETH-USD",
  "side": "buy"
}
{
  "type": "level",
  "time": "2017-09-27T07:01:36.727Z",
  "price": "290.40000000",
  "size": "0",
  "count": 1,
  "sequence": 485,
  "productId": "ETH-USD",
  "side": "sell"
}
{
  "type": "level",
  "time": "2017-09-27T07:01:36.753Z",
  "price": "290.39000000",
  "size": "3",
  "count": 1,
  "sequence": 486,
  "productId": "ETH-USD",
  "side": "sell"
}
{
  "type": "level",
  "time": "2017-09-27T07:01:36.753Z",
  "price": "289.36000000",
  "size": "0",
  "count": 1,
  "sequence": 487,
  "productId": "ETH-USD",
  "side": "buy"
}
{
  "type": "level",
  "time": "2017-09-27T07:01:36.967Z",
  "price": "290.39000000",
  "size": "0",
  "count": 1,
  "sequence": 488,
  "productId": "ETH-USD",
  "side": "sell"
}
{
  "type": "level",
  "time": "2017-09-27T07:01:37.008Z",
  "price": "290.38000000",
  "size": "3",
  "count": 1,
  "sequence": 489,
  "productId": "ETH-USD",
  "side": "sell"
}
{
  "type": "level",
  "time": "2017-09-27T07:01:37.049Z",
  "price": "289.36000000",
  "size": "323.98571",
  "count": 1,
  "sequence": 490,
  "productId": "ETH-USD",
  "side": "buy"
}
{
  "type": "level",
  "time": "2017-09-27T07:01:37.087Z",
  "price": "289.46000000",
  "size": "0.9595651",
  "count": 1,
  "sequence": 491,
  "productId": "ETH-USD",
  "side": "buy"
}
{
  "type": "level",
  "time": "2017-09-27T07:01:37.230Z",
  "price": "290.38000000",
  "size": "0",
  "count": 1,
  "sequence": 492,
  "productId": "ETH-USD",
  "side": "sell"
}
{
  "type": "level",
  "time": "2017-09-27T07:01:37.250Z",
  "price": "290.37000000",
  "size": "3.04826916",
  "count": 1,
  "sequence": 493,
  "productId": "ETH-USD",
  "side": "sell"
}
{
  "type": "level",
  "time": "2017-09-27T07:01:37.260Z",
  "price": "288.62000000",
  "size": "0.35",
  "count": 1,
  "sequence": 494,
  "productId": "ETH-USD",
  "side": "buy"
}
{
  "type": "level",
  "time": "2017-09-27T07:01:37.260Z",
  "price": "288.63000000",
  "size": "13.41334234",
  "count": 1,
  "sequence": 495,
  "productId": "ETH-USD",
  "side": "buy"
}
{
  "type": "level",
  "time": "2017-09-27T07:01:37.279Z",
  "price": "288.64000000",
  "size": "0",
  "count": 1,
  "sequence": 496,
  "productId": "ETH-USD",
  "side": "buy"
}
{
  "type": "level",
  "time": "2017-09-27T07:01:37.279Z",
  "price": "288.59000000",
  "size": "0.5",
  "count": 1,
  "sequence": 497,
  "productId": "ETH-USD",
  "side": "buy"
}
{
  "type": "level",
  "time": "2017-09-27T07:01:37.279Z",
  "price": "288.61000000",
  "size": "0.10547531",
  "count": 1,
  "sequence": 498,
  "productId": "ETH-USD",
  "side": "buy"
}
{
  "type": "level",
  "time": "2017-09-27T07:01:37.279Z",
  "price": "288.60000000",
  "size": "5",
  "count": 1,
  "sequence": 499,
  "productId": "ETH-USD",
  "side": "buy"
}
{
  "type": "level",
  "time": "2017-09-27T07:01:37.283Z",
  "price": "288.55000000",
  "size": "0",
  "count": 1,
  "sequence": 500,
  "productId": "ETH-USD",
  "side": "buy"
}
{
  "type": "level",
  "time": "2017-09-27T07:01:37.283Z",
  "price": "292.11000000",
  "size": "49.483",
  "count": 1,
  "sequence": 501,
  "productId": "ETH-USD",
  "side": "sell"
}
{
  "type": "level",
  "time": "2017-09-27T07:01:37.335Z",
  "price": "289.46000000",
  "size": "59.2495651",
  "count": 1,
  "sequence": 502,
  "productId": "ETH-USD",
  "side": "buy"
}
{
  "type": "level",
  "time": "2017-09-27T07:01:37.335Z",
  "price": "289.46000000",
  "size": "67.7602581",
  "count": 1,
  "sequence": 503,
  "productId": "ETH-USD",
  "side": "buy"
}
{
  "type": "level",
  "time": "2017-09-27T07:01:37.340Z",
  "price": "289.37000000",
  "size": "46.97",
  "count": 1,
  "sequence": 504,
  "productId": "ETH-USD",
  "side": "buy"
}
{
  "type": "level",
  "time": "2017-09-27T07:01:37.340Z",
  "price": "289.47000000",
  "size": "52.72",
  "count": 1,
  "sequence": 505,
  "productId": "ETH-USD",
  "side": "buy"
}
{
  "type": "level",
  "time": "2017-09-27T07:01:37.340Z",
  "price": "289.49000000",
  "size": "41.31",
  "count": 1,
  "sequence": 506,
  "productId": "ETH-USD",
  "side": "buy"
}
{
  "type": "level",
  "time": "2017-09-27T07:01:37.363Z",
  "price": "289.36000000",
  "size": "0",
  "count": 1,
  "sequence": 507,
  "productId": "ETH-USD",
  "side": "buy"
}
{
  "type": "level",
  "time": "2017-09-27T07:01:37.393Z",
  "price": "288.01000000",
  "size": "27.15637052",
  "count": 1,
  "sequence": 508,
  "productId": "ETH-USD",
  "side": "buy"
}
{
  "type": "level",
  "time": "2017-09-27T07:01:37.417Z",
  "price": "291.96000000",
  "size": "20.05",
  "count": 1,
  "sequence": 509,
  "productId": "ETH-USD",
  "side": "sell"
}
{
  "type": "level",
  "time": "2017-09-27T07:01:37.429Z",
  "price": "289.51000000",
  "size": "640.629012",
  "count": 1,
  "sequence": 510,
  "productId": "ETH-USD",
  "side": "buy"
}
{
  "type": "level",
  "time": "2017-09-27T07:01:37.486Z",
  "price": "289.46000000",
  "size": "59.2495651",
  "count": 1,
  "sequence": 511,
  "productId": "ETH-USD",
  "side": "buy"
}
{
  "type": "level",
  "time": "2017-09-27T07:01:37.540Z",
  "price": "290.13000000",
  "size": "193.99630505",
  "count": 1,
  "sequence": 512,
  "productId": "ETH-USD",
  "side": "sell"
}
{
  "type": "level",
  "time": "2017-09-27T07:01:37.582Z",
  "price": "290.15000000",
  "size": "0.018905",
  "count": 1,
  "sequence": 513,
  "productId": "ETH-USD",
  "side": "sell"
}
{
  "type": "level",
  "time": "2017-09-27T07:01:37.620Z",
  "price": "289.94000000",
  "size": "14.9",
  "count": 1,
  "sequence": 514,
  "productId": "ETH-USD",
  "side": "buy"
}
{
  "type": "level",
  "time": "2017-09-27T07:01:37.621Z",
  "price": "290.24000000",
  "size": "0.6258",
  "count": 1,
  "sequence": 515,
  "productId": "ETH-USD",
  "side": "sell"
}
{
  "type": "level",
  "time": "2017-09-27T07:01:37.656Z",
  "price": "289.95000000",
  "size": "0.75",
  "count": 1,
  "sequence": 516,
  "productId": "ETH-USD",
  "side": "buy"
}
{
  "type": "level",
  "time": "2017-09-27T07:01:37.658Z",
  "price": "291.49000000",
  "size": "138.15387587",
  "count": 1,
  "sequence": 517,
  "productId": "ETH-USD",
  "side": "sell"
}
{
  "type": "level",
  "time": "2017-09-27T07:01:37.660Z",
  "price": "290.27000000",
  "size": "2.97",
  "count": 1,
  "sequence": 518,
  "productId": "ETH-USD",
  "side": "sell"
}
{
  "type": "level",
  "time": "2017-09-27T07:01:37.699Z",
  "price": "290.73000000",
  "size": "0",
  "count": 1,
  "sequence": 519,
  "productId": "ETH-USD",
  "side": "sell"
}
{
  "type": "level",
  "time": "2017-09-27T07:01:37.880Z",
  "price": "291.48000000",
  "size": "40",
  "count": 1,
  "sequence": 520,
  "productId": "ETH-USD",
  "side": "sell"
}
{
  "type": "level",
  "time": "2017-09-27T07:01:37.881Z",
  "price": "290.74000000",
  "size": "0",
  "count": 1,
  "sequence": 521,
  "productId": "ETH-USD",
  "side": "sell"
}
{
  "type": "level",
  "time": "2017-09-27T07:01:37.971Z",
  "price": "291.44000000",
  "size": "138.1399042",
  "count": 1,
  "sequence": 522,
  "productId": "ETH-USD",
  "side": "sell"
}
{
  "type": "level",
  "time": "2017-09-27T07:01:38.009Z",
  "price": "291.49000000",
  "size": "0.07196987",
  "count": 1,
  "sequence": 523,
  "productId": "ETH-USD",
  "side": "sell"
}
{
  "type": "level",
  "time": "2017-09-27T07:01:38.042Z",
  "price": "290.26000000",
  "size": "2.985468",
  "count": 1,
  "sequence": 524,
  "productId": "ETH-USD",
  "side": "sell"
}
{
  "type": "level",
  "time": "2017-09-27T07:01:38.044Z",
  "price": "290.28000000",
  "size": "30.14125285",
  "count": 1,
  "sequence": 525,
  "productId": "ETH-USD",
  "side": "sell"
}
{
  "type": "level",
  "time": "2017-09-27T07:01:38.059Z",
  "price": "293.88000000",
  "size": "0",
  "count": 1,
  "sequence": 526,
  "productId": "ETH-USD",
  "side": "sell"
}
{
  "type": "level",
  "time": "2017-09-27T07:01:38.067Z",
  "price": "291.43000000",
  "size": "138.079453",
  "count": 1,
  "sequence": 527,
  "productId": "ETH-USD",
  "side": "sell"
}
{
  "type": "level",
  "time": "2017-09-27T07:01:38.078Z",
  "price": "293.78000000",
  "size": "89.25736",
  "count": 1,
  "sequence": 528,
  "productId": "ETH-USD",
  "side": "sell"
}
{
  "type": "level",
  "time": "2017-09-27T07:01:38.093Z",
  "price": "290.27000000",
  "size": "0",
  "count": 1,
  "sequence": 529,
  "productId": "ETH-USD",
  "side": "sell"
}
{
  "type": "level",
  "time": "2017-09-27T07:01:38.120Z",
  "price": "291.48000000",
  "size": "0",
  "count": 1,
  "sequence": 530,
  "productId": "ETH-USD",
  "side": "sell"
}
{
  "type": "level",
  "time": "2017-09-27T07:01:38.174Z",
  "price": "291.43000000",
  "size": "178.079453",
  "count": 1,
  "sequence": 531,
  "productId": "ETH-USD",
  "side": "sell"
}
{
  "type": "level",
  "time": "2017-09-27T07:01:38.174Z",
  "price": "291.44000000",
  "size": "0.0583272",
  "count": 1,
  "sequence": 532,
  "productId": "ETH-USD",
  "side": "sell"
}
{
  "type": "level",
  "time": "2017-09-27T07:01:38.210Z",
  "price": "290.37000000",
  "size": "0.04826916",
  "count": 1,
  "sequence": 533,
  "productId": "ETH-USD",
  "side": "sell"
}
{
  "type": "level",
  "time": "2017-09-27T07:01:38.262Z",
  "price": "290.42000000",
  "size": "3",
  "count": 1,
  "sequence": 534,
  "productId": "ETH-USD",
  "side": "sell"
}
{
  "type": "level",
  "time": "2017-09-27T07:01:38.349Z",
  "price": "289.46000000",
  "size": "0.9595651",
  "count": 1,
  "sequence": 535,
  "productId": "ETH-USD",
  "side": "buy"
}
{
  "type": "level",
  "time": "2017-09-27T07:01:38.354Z",
  "price": "289.47000000",
  "size": "0",
  "count": 1,
  "sequence": 536,
  "productId": "ETH-USD",
  "side": "buy"
}
{
  "type": "level",
  "time": "2017-09-27T07:01:38.354Z",
  "price": "289.49000000",
  "size": "0",
  "count": 1,
  "sequence": 537,
  "productId": "ETH-USD",
  "side": "buy"
}
{
  "type": "level",
  "time": "2017-09-27T07:01:38.356Z",
  "price": "289.37000000",
  "size": "0",
  "count": 1,
  "sequence": 538,
  "productId": "ETH-USD",
  "side": "buy"
}
{
  "type": "level",
  "time": "2017-09-27T07:01:38.356Z",
  "price": "292.11000000",
  "size": "0.033",
  "count": 1,
  "sequence": 539,
  "productId": "ETH-USD",
  "side": "sell"
}
{
  "type": "level",
  "time": "2017-09-27T07:01:38.356Z",
  "price": "292.13000000",
  "size": "60.084035",
  "count": 1,
  "sequence": 540,
  "productId": "ETH-USD",
  "side": "sell"
}
{
  "type": "level",
  "time": "2017-09-27T07:01:38.356Z",
  "price": "292.12000000",
  "size": "63.96",
  "count": 1,
  "sequence": 541,
  "productId": "ETH-USD",
  "side": "sell"
}
{
  "type": "level",
  "time": "2017-09-27T07:01:38.439Z",
  "price": "289.36000000",
  "size": "627.230803",
  "count": 1,
  "sequence": 542,
  "productId": "ETH-USD",
  "side": "buy"
}
{
  "type": "level",
  "time": "2017-09-27T07:01:38.439Z",
  "price": "291.96000000",
  "size": "0.05",
  "count": 1,
  "sequence": 543,
  "productId": "ETH-USD",
  "side": "sell"
}
{
  "type": "level",
  "time": "2017-09-27T07:01:38.444Z",
  "price": "289.53000000",
  "size": "45.32588283",
  "count": 1,
  "sequence": 544,
  "productId": "ETH-USD",
  "side": "buy"
}
{
  "type": "level",
  "time": "2017-09-27T07:01:38.446Z",
  "price": "289.51000000",
  "size": "0",
  "count": 1,
  "sequence": 545,
  "productId": "ETH-USD",
  "side": "buy"
}
{
  "type": "level",
  "time": "2017-09-27T07:01:38.451Z",
  "price": "289.52000000",
  "size": "50.99527527",
  "count": 1,
  "sequence": 546,
  "productId": "ETH-USD",
  "side": "buy"
}
{
  "type": "level",
  "time": "2017-09-27T07:01:38.467Z",
  "price": "288.01000000",
  "size": "7.15637052",
